bid_price_1,bid_volume_1,ask_price_1,ask_volume_1,product,timestamp
97,0,93,0,HATFIELD_STOCKS,100
92,0,88,2,COLLINGWOOD_STOCKS,100
212,0,208,0,CHADS_STOCKS,100
102,1,98,1,JOHNS_STOCKS,100
204,4,196,6,CASTLE_STOCKS,100
152,0,148,0,CUTHS_STOCKS,100
96,2,92,0,HATFIELD_STOCKS,200
90,1,88,3,COLLINGWOOD_STOCKS,200
211,0,209,0,CHADS_STOCKS,200
104,3,100,3,JOHNS_STOCKS,200
202,5,196,5,CASTLE_STOCKS,200
150,0,146,1,CUTHS_STOCKS,200
97,1,93,1,HATFIELD_STOCKS,300
91,0,89,2,COLLINGWOOD_STOCKS,300
212,1,208,1,CHADS_STOCKS,300
104,1,100,1,JOHNS_STOCKS,300
203,6,195,0,CASTLE_STOCKS,300
150,0,146,0,CUTHS_STOCKS,300
95,0,93,0,HATFIELD_STOCKS,400
91,0,87,0,COLLINGWOOD_STOCKS,400
212,0,210,0,CHADS_STOCKS,400
103,0,101,0,JOHNS_STOCKS,400
203,10,195,4,CASTLE_STOCKS,400
149,1,147,1,CUTHS_STOCKS,400
97,2,93,2,HATFIELD_STOCKS,500
91,0,89,0,COLLINGWOOD_STOCKS,500
212,0,208,0,CHADS_STOCKS,500
103,0,99,0,JOHNS_STOCKS,500
203,5,195,6,CASTLE_STOCKS,500
149,0,145,0,CUTHS_STOCKS,500
96,0,92,0,HATFIELD_STOCKS,600
92,0,88,0,COLLINGWOOD_STOCKS,600
213,2,209,1,CHADS_STOCKS,600
103,0,101,0,JOHNS_STOCKS,600
203,0,195,0,CASTLE_STOCKS,600
149,0,145,0,CUTHS_STOCKS,600
97,0,93,0,HATFIELD_STOCKS,700
92,1,88,0,COLLINGWOOD_STOCKS,700
213,0,211,2,CHADS_STOCKS,700
104,0,100,0,JOHNS_STOCKS,700
203,7,195,9,CASTLE_STOCKS,700
149,0,145,0,CUTHS_STOCKS,700
96,0,92,0,HATFIELD_STOCKS,800
91,0,89,0,COLLINGWOOD_STOCKS,800
211,0,207,0,CHADS_STOCKS,800
101,0,97,1,JOHNS_STOCKS,800
203,3,195,1,CASTLE_STOCKS,800
147,2,145,0,CUTHS_STOCKS,800
96,0,94,0,HATFIELD_STOCKS,900
92,0,88,0,COLLINGWOOD_STOCKS,900
209,2,205,1,CHADS_STOCKS,900
100,0,96,0,JOHNS_STOCKS,900
203,0,195,3,CASTLE_STOCKS,900
148,0,144,1,CUTHS_STOCKS,900
98,1,94,1,HATFIELD_STOCKS,1000
93,0,89,0,COLLINGWOOD_STOCKS,1000
210,3,208,2,CHADS_STOCKS,1000
100,0,96,0,JOHNS_STOCKS,1000
203,0,195,0,CASTLE_STOCKS,1000
149,1,145,1,CUTHS_STOCKS,1000
97,2,95,3,HATFIELD_STOCKS,1100
92,3,90,1,COLLINGWOOD_STOCKS,1100
211,0,207,0,CHADS_STOCKS,1100
100,1,96,1,JOHNS_STOCKS,1100
202,10,196,1,CASTLE_STOCKS,1100
147,4,145,1,CUTHS_STOCKS,1100
99,0,95,0,HATFIELD_STOCKS,1200
92,0,90,0,COLLINGWOOD_STOCKS,1200
211,0,207,0,CHADS_STOCKS,1200
100,3,96,3,JOHNS_STOCKS,1200
202,0,196,4,CASTLE_STOCKS,1200
146,0,144,1,CUTHS_STOCKS,1200
99,0,97,0,HATFIELD_STOCKS,1300
93,0,89,0,COLLINGWOOD_STOCKS,1300
211,3,207,2,CHADS_STOCKS,1300
99,0,95,1,JOHNS_STOCKS,1300
203,2,195,1,CASTLE_STOCKS,1300
146,2,142,0,CUTHS_STOCKS,1300
98,2,96,0,HATFIELD_STOCKS,1400
93,3,89,0,COLLINGWOOD_STOCKS,1400
213,1,209,0,CHADS_STOCKS,1400
98,2,94,1,JOHNS_STOCKS,1400
203,2,195,4,CASTLE_STOCKS,1400
145,0,143,1,CUTHS_STOCKS,1400
97,0,95,1,HATFIELD_STOCKS,1500
92,2,88,1,COLLINGWOOD_STOCKS,1500
211,0,207,0,CHADS_STOCKS,1500
98,0,94,0,JOHNS_STOCKS,1500
203,4,195,1,CASTLE_STOCKS,1500
146,0,142,3,CUTHS_STOCKS,1500
97,0,93,0,HATFIELD_STOCKS,1600
91,2,87,0,COLLINGWOOD_STOCKS,1600
210,2,208,0,CHADS_STOCKS,1600
96,1,92,1,JOHNS_STOCKS,1600
203,6,195,8,CASTLE_STOCKS,1600
146,0,142,1,CUTHS_STOCKS,1600
96,0,92,0,HATFIELD_STOCKS,1700
90,2,88,1,COLLINGWOOD_STOCKS,1700
212,0,208,0,CHADS_STOCKS,1700
97,0,93,2,JOHNS_STOCKS,1700
203,9,195,9,CASTLE_STOCKS,1700
146,2,142,2,CUTHS_STOCKS,1700
96,0,92,2,HATFIELD_STOCKS,1800
91,0,87,0,COLLINGWOOD_STOCKS,1800
212,2,208,2,CHADS_STOCKS,1800
99,1,95,1,JOHNS_STOCKS,1800
203,2,195,9,CASTLE_STOCKS,1800
145,0,143,1,CUTHS_STOCKS,1800
96,0,94,0,HATFIELD_STOCKS,1900
91,0,89,0,COLLINGWOOD_STOCKS,1900
211,0,209,1,CHADS_STOCKS,1900
99,0,95,0,JOHNS_STOCKS,1900
203,3,195,5,CASTLE_STOCKS,1900
145,0,143,1,CUTHS_STOCKS,1900
94,2,92,0,HATFIELD_STOCKS,2000
90,3,86,3,COLLINGWOOD_STOCKS,2000
212,0,208,0,CHADS_STOCKS,2000
98,2,94,0,JOHNS_STOCKS,2000
202,0,196,4,CASTLE_STOCKS,2000
145,1,141,0,CUTHS_STOCKS,2000
94,0,92,0,HATFIELD_STOCKS,2100
90,4,86,2,COLLINGWOOD_STOCKS,2100
210,1,208,0,CHADS_STOCKS,2100
97,0,93,0,JOHNS_STOCKS,2100
202,6,196,2,CASTLE_STOCKS,2100
146,0,142,0,CUTHS_STOCKS,2100
96,0,92,0,HATFIELD_STOCKS,2200
91,0,87,0,COLLINGWOOD_STOCKS,2200
211,2,207,3,CHADS_STOCKS,2200
94,1,92,1,JOHNS_STOCKS,2200
204,0,196,0,CASTLE_STOCKS,2200
145,0,143,1,CUTHS_STOCKS,2200
95,0,93,0,HATFIELD_STOCKS,2300
92,0,88,1,COLLINGWOOD_STOCKS,2300
211,1,209,0,CHADS_STOCKS,2300
92,4,88,3,JOHNS_STOCKS,2300
204,2,196,6,CASTLE_STOCKS,2300
145,1,143,2,CUTHS_STOCKS,2300
95,0,93,1,HATFIELD_STOCKS,2400
91,1,87,1,COLLINGWOOD_STOCKS,2400
211,4,209,1,CHADS_STOCKS,2400
89,0,85,0,JOHNS_STOCKS,2400
204,2,196,2,CASTLE_STOCKS,2400
145,0,143,1,CUTHS_STOCKS,2400
95,0,91,0,HATFIELD_STOCKS,2500
90,0,88,0,COLLINGWOOD_STOCKS,2500
211,3,209,2,CHADS_STOCKS,2500
89,0,87,0,JOHNS_STOCKS,2500
204,9,196,7,CASTLE_STOCKS,2500
145,0,143,0,CUTHS_STOCKS,2500
94,0,92,0,HATFIELD_STOCKS,2600
90,2,88,2,COLLINGWOOD_STOCKS,2600
212,0,208,0,CHADS_STOCKS,2600
90,2,86,1,JOHNS_STOCKS,2600
204,0,196,0,CASTLE_STOCKS,2600
145,0,141,0,CUTHS_STOCKS,2600
93,2,91,3,HATFIELD_STOCKS,2700
89,0,85,0,COLLINGWOOD_STOCKS,2700
213,3,209,3,CHADS_STOCKS,2700
89,3,85,0,JOHNS_STOCKS,2700
204,0,196,0,CASTLE_STOCKS,2700
145,0,141,0,CUTHS_STOCKS,2700
94,1,90,0,HATFIELD_STOCKS,2800
88,0,86,0,COLLINGWOOD_STOCKS,2800
212,0,208,0,CHADS_STOCKS,2800
89,0,85,2,JOHNS_STOCKS,2800
204,1,196,2,CASTLE_STOCKS,2800
144,0,140,4,CUTHS_STOCKS,2800
92,1,90,0,HATFIELD_STOCKS,2900
88,1,84,0,COLLINGWOOD_STOCKS,2900
212,4,210,4,CHADS_STOCKS,2900
92,0,88,2,JOHNS_STOCKS,2900
204,9,196,0,CASTLE_STOCKS,2900
143,0,141,0,CUTHS_STOCKS,2900
93,1,89,2,HATFIELD_STOCKS,3000
89,1,85,1,COLLINGWOOD_STOCKS,3000
214,1,210,3,CHADS_STOCKS,3000
92,1,88,0,JOHNS_STOCKS,3000
204,10,196,9,CASTLE_STOCKS,3000
144,4,140,1,CUTHS_STOCKS,3000
93,3,89,4,HATFIELD_STOCKS,3100
88,0,86,0,COLLINGWOOD_STOCKS,3100
216,1,212,0,CHADS_STOCKS,3100
90,4,86,0,JOHNS_STOCKS,3100
205,5,197,4,CASTLE_STOCKS,3100
144,0,140,4,CUTHS_STOCKS,3100
93,0,91,0,HATFIELD_STOCKS,3200
89,0,85,0,COLLINGWOOD_STOCKS,3200
213,0,211,0,CHADS_STOCKS,3200
87,1,85,2,JOHNS_STOCKS,3200
205,9,197,13,CASTLE_STOCKS,3200
143,3,141,1,CUTHS_STOCKS,3200
94,1,92,0,HATFIELD_STOCKS,3300
90,4,86,0,COLLINGWOOD_STOCKS,3300
213,0,209,0,CHADS_STOCKS,3300
87,2,85,1,JOHNS_STOCKS,3300
204,10,196,6,CASTLE_STOCKS,3300
143,1,139,3,CUTHS_STOCKS,3300
94,1,92,3,HATFIELD_STOCKS,3400
91,0,87,0,COLLINGWOOD_STOCKS,3400
212,1,208,1,CHADS_STOCKS,3400
86,4,82,3,JOHNS_STOCKS,3400
203,0,197,1,CASTLE_STOCKS,3400
142,0,140,0,CUTHS_STOCKS,3400
95,1,91,0,HATFIELD_STOCKS,3500
90,0,86,0,COLLINGWOOD_STOCKS,3500
213,0,209,0,CHADS_STOCKS,3500
86,0,82,0,JOHNS_STOCKS,3500
203,0,195,0,CASTLE_STOCKS,3500
143,0,139,2,CUTHS_STOCKS,3500
95,0,91,0,HATFIELD_STOCKS,3600
91,0,87,0,COLLINGWOOD_STOCKS,3600
213,1,209,0,CHADS_STOCKS,3600
87,0,83,1,JOHNS_STOCKS,3600
203,1,195,1,CASTLE_STOCKS,3600
144,1,140,1,CUTHS_STOCKS,3600
96,0,92,0,HATFIELD_STOCKS,3700
91,1,87,0,COLLINGWOOD_STOCKS,3700
212,1,208,2,CHADS_STOCKS,3700
85,0,81,0,JOHNS_STOCKS,3700
203,3,195,0,CASTLE_STOCKS,3700
144,1,140,1,CUTHS_STOCKS,3700
95,0,91,0,HATFIELD_STOCKS,3800
90,0,86,0,COLLINGWOOD_STOCKS,3800
211,2,207,0,CHADS_STOCKS,3800
83,0,81,0,JOHNS_STOCKS,3800
204,4,196,7,CASTLE_STOCKS,3800
145,1,141,0,CUTHS_STOCKS,3800
95,0,93,0,HATFIELD_STOCKS,3900
90,0,86,0,COLLINGWOOD_STOCKS,3900
210,1,206,1,CHADS_STOCKS,3900
84,2,80,2,JOHNS_STOCKS,3900
202,12,196,10,CASTLE_STOCKS,3900
144,0,142,0,CUTHS_STOCKS,3900
94,4,92,0,HATFIELD_STOCKS,4000
90,0,86,0,COLLINGWOOD_STOCKS,4000
210,1,206,0,CHADS_STOCKS,4000
83,0,79,0,JOHNS_STOCKS,4000
202,1,196,1,CASTLE_STOCKS,4000
143,0,141,0,CUTHS_STOCKS,4000
95,2,91,2,HATFIELD_STOCKS,4100
89,0,87,3,COLLINGWOOD_STOCKS,4100
211,2,207,1,CHADS_STOCKS,4100
85,1,81,1,JOHNS_STOCKS,4100
203,6,195,7,CASTLE_STOCKS,4100
144,0,142,0,CUTHS_STOCKS,4100
95,0,91,0,HATFIELD_STOCKS,4200
89,3,87,0,COLLINGWOOD_STOCKS,4200
210,0,206,0,CHADS_STOCKS,4200
84,0,80,0,JOHNS_STOCKS,4200
203,0,195,8,CASTLE_STOCKS,4200
145,0,141,2,CUTHS_STOCKS,4200
95,0,91,0,HATFIELD_STOCKS,4300
90,3,86,1,COLLINGWOOD_STOCKS,4300
208,1,206,1,CHADS_STOCKS,4300
86,2,84,2,JOHNS_STOCKS,4300
203,1,195,1,CASTLE_STOCKS,4300
145,2,141,0,CUTHS_STOCKS,4300
94,0,92,0,HATFIELD_STOCKS,4400
90,1,86,1,COLLINGWOOD_STOCKS,4400
209,1,205,0,CHADS_STOCKS,4400
85,2,83,3,JOHNS_STOCKS,4400
203,1,195,1,CASTLE_STOCKS,4400
143,0,141,0,CUTHS_STOCKS,4400
95,2,91,4,HATFIELD_STOCKS,4500
90,3,86,0,COLLINGWOOD_STOCKS,4500
208,0,204,0,CHADS_STOCKS,4500
86,0,82,0,JOHNS_STOCKS,4500
203,0,195,1,CASTLE_STOCKS,4500
145,0,141,0,CUTHS_STOCKS,4500
94,0,92,0,HATFIELD_STOCKS,4600
90,0,88,0,COLLINGWOOD_STOCKS,4600
206,0,202,0,CHADS_STOCKS,4600
86,0,82,0,JOHNS_STOCKS,4600
202,6,196,6,CASTLE_STOCKS,4600
143,0,139,0,CUTHS_STOCKS,4600
96,2,92,2,HATFIELD_STOCKS,4700
92,0,88,0,COLLINGWOOD_STOCKS,4700
205,0,201,0,CHADS_STOCKS,4700
85,1,83,1,JOHNS_STOCKS,4700
203,0,195,10,CASTLE_STOCKS,4700
143,0,141,0,CUTHS_STOCKS,4700
93,2,91,4,HATFIELD_STOCKS,4800
89,1,87,1,COLLINGWOOD_STOCKS,4800
206,3,204,0,CHADS_STOCKS,4800
85,0,83,2,JOHNS_STOCKS,4800
203,1,195,0,CASTLE_STOCKS,4800
142,1,140,0,CUTHS_STOCKS,4800
94,0,90,0,HATFIELD_STOCKS,4900
89,0,85,0,COLLINGWOOD_STOCKS,4900
206,0,204,1,CHADS_STOCKS,4900
87,0,83,3,JOHNS_STOCKS,4900
203,3,195,3,CASTLE_STOCKS,4900
143,0,139,0,CUTHS_STOCKS,4900
94,0,90,1,HATFIELD_STOCKS,5000
90,0,86,0,COLLINGWOOD_STOCKS,5000
207,0,203,0,CHADS_STOCKS,5000
87,1,83,1,JOHNS_STOCKS,5000
202,3,196,1,CASTLE_STOCKS,5000
142,1,140,4,CUTHS_STOCKS,5000
95,0,91,0,HATFIELD_STOCKS,5100
89,1,85,2,COLLINGWOOD_STOCKS,5100
208,1,204,0,CHADS_STOCKS,5100
85,3,83,4,JOHNS_STOCKS,5100
203,0,195,0,CASTLE_STOCKS,5100
143,0,139,1,CUTHS_STOCKS,5100
94,2,90,1,HATFIELD_STOCKS,5200
88,0,84,0,COLLINGWOOD_STOCKS,5200
210,0,206,0,CHADS_STOCKS,5200
86,0,84,0,JOHNS_STOCKS,5200
202,10,196,11,CASTLE_STOCKS,5200
144,1,140,1,CUTHS_STOCKS,5200
95,0,91,0,HATFIELD_STOCKS,5300
87,0,85,4,COLLINGWOOD_STOCKS,5300
210,0,208,0,CHADS_STOCKS,5300
87,1,83,1,JOHNS_STOCKS,5300
203,5,195,7,CASTLE_STOCKS,5300
142,0,140,0,CUTHS_STOCKS,5300
94,0,92,1,HATFIELD_STOCKS,5400
88,1,84,3,COLLINGWOOD_STOCKS,5400
209,0,207,3,CHADS_STOCKS,5400
85,0,83,0,JOHNS_STOCKS,5400
203,3,195,7,CASTLE_STOCKS,5400
142,2,138,4,CUTHS_STOCKS,5400
95,0,91,0,HATFIELD_STOCKS,5500
88,2,86,0,COLLINGWOOD_STOCKS,5500
209,2,207,3,CHADS_STOCKS,5500
87,0,83,0,JOHNS_STOCKS,5500
203,6,197,5,CASTLE_STOCKS,5500
141,2,139,2,CUTHS_STOCKS,5500
95,1,93,2,HATFIELD_STOCKS,5600
89,0,87,1,COLLINGWOOD_STOCKS,5600
209,1,205,1,CHADS_STOCKS,5600
86,4,84,2,JOHNS_STOCKS,5600
204,9,196,7,CASTLE_STOCKS,5600
141,1,139,0,CUTHS_STOCKS,5600
96,0,92,0,HATFIELD_STOCKS,5700
88,2,86,2,COLLINGWOOD_STOCKS,5700
209,1,205,0,CHADS_STOCKS,5700
86,2,82,2,JOHNS_STOCKS,5700
204,1,196,0,CASTLE_STOCKS,5700
141,1,137,1,CUTHS_STOCKS,5700
95,0,93,0,HATFIELD_STOCKS,5800
89,0,87,0,COLLINGWOOD_STOCKS,5800
210,2,206,3,CHADS_STOCKS,5800
85,0,83,0,JOHNS_STOCKS,5800
204,1,196,4,CASTLE_STOCKS,5800
142,1,138,1,CUTHS_STOCKS,5800
97,0,93,0,HATFIELD_STOCKS,5900
90,0,86,0,COLLINGWOOD_STOCKS,5900
212,0,208,0,CHADS_STOCKS,5900
88,0,84,1,JOHNS_STOCKS,5900
204,0,196,0,CASTLE_STOCKS,5900
142,2,138,0,CUTHS_STOCKS,5900
97,0,93,0,HATFIELD_STOCKS,6000
91,1,87,1,COLLINGWOOD_STOCKS,6000
212,0,208,0,CHADS_STOCKS,6000
88,1,84,1,JOHNS_STOCKS,6000
203,4,197,3,CASTLE_STOCKS,6000
142,2,140,1,CUTHS_STOCKS,6000
97,0,93,0,HATFIELD_STOCKS,6100
91,4,87,4,COLLINGWOOD_STOCKS,6100
210,0,208,0,CHADS_STOCKS,6100
86,1,84,1,JOHNS_STOCKS,6100
203,1,197,5,CASTLE_STOCKS,6100
143,1,141,2,CUTHS_STOCKS,6100
98,0,94,0,HATFIELD_STOCKS,6200
90,1,86,1,COLLINGWOOD_STOCKS,6200
209,2,207,2,CHADS_STOCKS,6200
87,2,83,0,JOHNS_STOCKS,6200
205,8,197,2,CASTLE_STOCKS,6200
144,0,140,0,CUTHS_STOCKS,6200
97,3,95,4,HATFIELD_STOCKS,6300
90,0,86,0,COLLINGWOOD_STOCKS,6300
208,1,206,0,CHADS_STOCKS,6300
87,0,83,0,JOHNS_STOCKS,6300
204,2,198,2,CASTLE_STOCKS,6300
144,1,142,1,CUTHS_STOCKS,6300
98,2,94,0,HATFIELD_STOCKS,6400
90,0,88,0,COLLINGWOOD_STOCKS,6400
210,0,206,0,CHADS_STOCKS,6400
90,1,86,0,JOHNS_STOCKS,6400
205,1,197,10,CASTLE_STOCKS,6400
145,1,141,0,CUTHS_STOCKS,6400
99,2,95,1,HATFIELD_STOCKS,6500
91,4,89,2,COLLINGWOOD_STOCKS,6500
209,0,205,0,CHADS_STOCKS,6500
89,0,87,0,JOHNS_STOCKS,6500
205,2,197,9,CASTLE_STOCKS,6500
143,4,141,0,CUTHS_STOCKS,6500
98,0,94,0,HATFIELD_STOCKS,6600
90,1,88,0,COLLINGWOOD_STOCKS,6600
210,0,208,0,CHADS_STOCKS,6600
90,3,86,0,JOHNS_STOCKS,6600
205,0,197,1,CASTLE_STOCKS,6600
142,0,138,0,CUTHS_STOCKS,6600
98,0,94,0,HATFIELD_STOCKS,6700
90,0,86,2,COLLINGWOOD_STOCKS,6700
208,0,206,0,CHADS_STOCKS,6700
88,1,86,4,JOHNS_STOCKS,6700
204,4,198,3,CASTLE_STOCKS,6700
143,0,139,0,CUTHS_STOCKS,6700
98,0,96,0,HATFIELD_STOCKS,6800
90,1,88,2,COLLINGWOOD_STOCKS,6800
209,0,205,0,CHADS_STOCKS,6800
90,1,86,1,JOHNS_STOCKS,6800
205,5,199,7,CASTLE_STOCKS,6800
143,0,139,0,CUTHS_STOCKS,6800
99,1,95,2,HATFIELD_STOCKS,6900
91,1,87,3,COLLINGWOOD_STOCKS,6900
210,4,206,2,CHADS_STOCKS,6900
91,0,87,3,JOHNS_STOCKS,6900
205,5,199,4,CASTLE_STOCKS,6900
144,0,140,0,CUTHS_STOCKS,6900
99,0,95,0,HATFIELD_STOCKS,7000
91,2,87,3,COLLINGWOOD_STOCKS,7000
213,0,209,0,CHADS_STOCKS,7000
92,3,90,4,JOHNS_STOCKS,7000
205,10,197,2,CASTLE_STOCKS,7000
143,0,139,1,CUTHS_STOCKS,7000
98,0,94,0,HATFIELD_STOCKS,7100
90,1,88,3,COLLINGWOOD_STOCKS,7100
213,1,209,1,CHADS_STOCKS,7100
96,2,92,0,JOHNS_STOCKS,7100
205,2,197,7,CASTLE_STOCKS,7100
142,0,140,0,CUTHS_STOCKS,7100
98,3,96,3,HATFIELD_STOCKS,7200
91,0,87,0,COLLINGWOOD_STOCKS,7200
214,3,210,1,CHADS_STOCKS,7200
96,0,94,0,JOHNS_STOCKS,7200
205,0,197,0,CASTLE_STOCKS,7200
141,1,139,2,CUTHS_STOCKS,7200
98,0,94,1,HATFIELD_STOCKS,7300
90,0,88,0,COLLINGWOOD_STOCKS,7300
212,0,208,0,CHADS_STOCKS,7300
96,0,94,0,JOHNS_STOCKS,7300
206,2,198,0,CASTLE_STOCKS,7300
143,0,139,1,CUTHS_STOCKS,7300
98,0,94,0,HATFIELD_STOCKS,7400
89,0,87,0,COLLINGWOOD_STOCKS,7400
211,0,207,0,CHADS_STOCKS,7400
98,1,96,0,JOHNS_STOCKS,7400
206,1,198,11,CASTLE_STOCKS,7400
143,0,139,0,CUTHS_STOCKS,7400
98,3,94,3,HATFIELD_STOCKS,7500
91,2,87,2,COLLINGWOOD_STOCKS,7500
213,4,209,4,CHADS_STOCKS,7500
99,2,95,2,JOHNS_STOCKS,7500
205,1,199,4,CASTLE_STOCKS,7500
144,0,140,1,CUTHS_STOCKS,7500
97,0,93,0,HATFIELD_STOCKS,7600
91,0,87,0,COLLINGWOOD_STOCKS,7600
213,0,209,0,CHADS_STOCKS,7600
100,1,96,2,JOHNS_STOCKS,7600
206,8,200,7,CASTLE_STOCKS,7600
144,2,140,2,CUTHS_STOCKS,7600
97,3,93,3,HATFIELD_STOCKS,7700
90,0,88,0,COLLINGWOOD_STOCKS,7700
212,4,208,3,CHADS_STOCKS,7700
99,0,97,0,JOHNS_STOCKS,7700
207,6,199,0,CASTLE_STOCKS,7700
145,0,141,2,CUTHS_STOCKS,7700
95,1,91,1,HATFIELD_STOCKS,7800
90,1,86,2,COLLINGWOOD_STOCKS,7800
213,2,209,0,CHADS_STOCKS,7800
99,0,95,0,JOHNS_STOCKS,7800
207,0,199,0,CASTLE_STOCKS,7800
145,1,141,1,CUTHS_STOCKS,7800
96,0,92,2,HATFIELD_STOCKS,7900
89,0,87,2,COLLINGWOOD_STOCKS,7900
215,0,211,0,CHADS_STOCKS,7900
98,0,94,0,JOHNS_STOCKS,7900
207,0,201,5,CASTLE_STOCKS,7900
145,0,143,0,CUTHS_STOCKS,7900
96,0,92,0,HATFIELD_STOCKS,8000
91,0,87,0,COLLINGWOOD_STOCKS,8000
216,0,212,0,CHADS_STOCKS,8000
98,1,94,0,JOHNS_STOCKS,8000
207,7,201,1,CASTLE_STOCKS,8000
146,4,142,0,CUTHS_STOCKS,8000
96,0,92,0,HATFIELD_STOCKS,8100
91,1,87,1,COLLINGWOOD_STOCKS,8100
215,0,211,0,CHADS_STOCKS,8100
97,0,93,0,JOHNS_STOCKS,8100
208,1,200,2,CASTLE_STOCKS,8100
147,0,143,1,CUTHS_STOCKS,8100
95,1,93,2,HATFIELD_STOCKS,8200
90,0,88,0,COLLINGWOOD_STOCKS,8200
214,0,210,0,CHADS_STOCKS,8200
96,0,92,0,JOHNS_STOCKS,8200
207,0,201,2,CASTLE_STOCKS,8200
146,2,144,2,CUTHS_STOCKS,8200
95,2,91,0,HATFIELD_STOCKS,8300
90,0,86,0,COLLINGWOOD_STOCKS,8300
213,3,209,0,CHADS_STOCKS,8300
93,0,89,0,JOHNS_STOCKS,8300
208,1,200,12,CASTLE_STOCKS,8300
146,0,144,0,CUTHS_STOCKS,8300
95,1,91,3,HATFIELD_STOCKS,8400
90,2,86,1,COLLINGWOOD_STOCKS,8400
213,0,209,1,CHADS_STOCKS,8400
92,0,88,0,JOHNS_STOCKS,8400
208,0,200,1,CASTLE_STOCKS,8400
146,0,144,1,CUTHS_STOCKS,8400
95,2,91,1,HATFIELD_STOCKS,8500
90,0,86,0,COLLINGWOOD_STOCKS,8500
213,2,209,1,CHADS_STOCKS,8500
92,0,90,0,JOHNS_STOCKS,8500
208,3,200,0,CASTLE_STOCKS,8500
146,0,144,0,CUTHS_STOCKS,8500
93,0,91,1,HATFIELD_STOCKS,8600
91,4,87,4,COLLINGWOOD_STOCKS,8600
213,0,209,0,CHADS_STOCKS,8600
92,1,90,0,JOHNS_STOCKS,8600
209,7,201,6,CASTLE_STOCKS,8600
146,1,142,1,CUTHS_STOCKS,8600
94,2,92,0,HATFIELD_STOCKS,8700
91,0,87,0,COLLINGWOOD_STOCKS,8700
214,0,212,0,CHADS_STOCKS,8700
93,0,89,0,JOHNS_STOCKS,8700
208,7,200,3,CASTLE_STOCKS,8700
146,0,142,0,CUTHS_STOCKS,8700
95,4,91,2,HATFIELD_STOCKS,8800
90,0,88,0,COLLINGWOOD_STOCKS,8800
218,0,214,0,CHADS_STOCKS,8800
90,0,88,0,JOHNS_STOCKS,8800
208,0,200,0,CASTLE_STOCKS,8800
147,0,143,0,CUTHS_STOCKS,8800
96,1,92,1,HATFIELD_STOCKS,8900
92,1,88,0,COLLINGWOOD_STOCKS,8900
219,1,215,0,CHADS_STOCKS,8900
90,2,86,0,JOHNS_STOCKS,8900
207,2,201,5,CASTLE_STOCKS,8900
147,2,143,2,CUTHS_STOCKS,8900
96,0,92,2,HATFIELD_STOCKS,9000
91,1,87,0,COLLINGWOOD_STOCKS,9000
220,0,216,0,CHADS_STOCKS,9000
89,1,85,0,JOHNS_STOCKS,9000
208,1,200,3,CASTLE_STOCKS,9000
146,0,142,0,CUTHS_STOCKS,9000
95,0,93,0,HATFIELD_STOCKS,9100
91,0,87,0,COLLINGWOOD_STOCKS,9100
220,0,216,0,CHADS_STOCKS,9100
87,0,83,0,JOHNS_STOCKS,9100
208,0,200,0,CASTLE_STOCKS,9100
145,1,141,1,CUTHS_STOCKS,9100
94,0,90,1,HATFIELD_STOCKS,9200
90,0,86,0,COLLINGWOOD_STOCKS,9200
219,2,215,0,CHADS_STOCKS,9200
88,0,86,0,JOHNS_STOCKS,9200
209,7,201,6,CASTLE_STOCKS,9200
144,0,142,0,CUTHS_STOCKS,9200
95,3,91,0,HATFIELD_STOCKS,9300
90,0,86,0,COLLINGWOOD_STOCKS,9300
219,0,215,0,CHADS_STOCKS,9300
89,0,87,0,JOHNS_STOCKS,9300
208,0,202,3,CASTLE_STOCKS,9300
145,1,141,0,CUTHS_STOCKS,9300
95,1,91,1,HATFIELD_STOCKS,9400
90,1,86,2,COLLINGWOOD_STOCKS,9400
218,0,216,0,CHADS_STOCKS,9400
88,3,86,0,JOHNS_STOCKS,9400
208,4,202,1,CASTLE_STOCKS,9400
145,1,141,0,CUTHS_STOCKS,9400
96,3,92,3,HATFIELD_STOCKS,9500
91,1,87,0,COLLINGWOOD_STOCKS,9500
218,0,216,1,CHADS_STOCKS,9500
90,2,86,2,JOHNS_STOCKS,9500
208,2,202,0,CASTLE_STOCKS,9500
145,1,141,1,CUTHS_STOCKS,9500
95,0,91,0,HATFIELD_STOCKS,9600
91,1,87,1,COLLINGWOOD_STOCKS,9600
220,0,218,0,CHADS_STOCKS,9600
92,0,88,0,JOHNS_STOCKS,9600
209,0,201,6,CASTLE_STOCKS,9600
144,1,142,4,CUTHS_STOCKS,9600
94,0,92,0,HATFIELD_STOCKS,9700
91,0,87,1,COLLINGWOOD_STOCKS,9700
220,0,216,0,CHADS_STOCKS,9700
91,0,89,0,JOHNS_STOCKS,9700
209,7,201,9,CASTLE_STOCKS,9700
145,0,141,0,CUTHS_STOCKS,9700
95,0,93,0,HATFIELD_STOCKS,9800
91,3,87,2,COLLINGWOOD_STOCKS,9800
219,1,215,0,CHADS_STOCKS,9800
90,3,88,0,JOHNS_STOCKS,9800
209,1,201,1,CASTLE_STOCKS,9800
145,0,141,0,CUTHS_STOCKS,9800
96,0,92,1,HATFIELD_STOCKS,9900
92,2,88,4,COLLINGWOOD_STOCKS,9900
218,0,214,0,CHADS_STOCKS,9900
90,0,86,0,JOHNS_STOCKS,9900
209,5,201,6,CASTLE_STOCKS,9900
146,0,142,0,CUTHS_STOCKS,9900
95,0,93,2,HATFIELD_STOCKS,10000
90,2,88,2,COLLINGWOOD_STOCKS,10000
217,0,215,4,CHADS_STOCKS,10000
91,1,89,0,JOHNS_STOCKS,10000
209,7,201,3,CASTLE_STOCKS,10000
146,1,142,1,CUTHS_STOCKS,10000
96,1,92,0,HATFIELD_STOCKS,10100
91,1,87,1,COLLINGWOOD_STOCKS,10100
214,1,210,2,CHADS_STOCKS,10100
89,0,87,0,JOHNS_STOCKS,10100
209,8,201,6,CASTLE_STOCKS,10100
145,1,141,3,CUTHS_STOCKS,10100
95,0,91,0,HATFIELD_STOCKS,10200
91,1,87,1,COLLINGWOOD_STOCKS,10200
214,4,210,4,CHADS_STOCKS,10200
93,0,89,0,JOHNS_STOCKS,10200
209,1,201,4,CASTLE_STOCKS,10200
143,0,141,0,CUTHS_STOCKS,10200
95,0,91,0,HATFIELD_STOCKS,10300
90,0,86,0,COLLINGWOOD_STOCKS,10300
213,1,209,1,CHADS_STOCKS,10300
93,0,91,1,JOHNS_STOCKS,10300
209,4,201,4,CASTLE_STOCKS,10300
146,1,142,0,CUTHS_STOCKS,10300
95,2,91,1,HATFIELD_STOCKS,10400
90,0,86,4,COLLINGWOOD_STOCKS,10400
211,4,207,2,CHADS_STOCKS,10400
93,1,89,2,JOHNS_STOCKS,10400
208,0,200,0,CASTLE_STOCKS,10400
144,0,142,2,CUTHS_STOCKS,10400
95,0,93,3,HATFIELD_STOCKS,10500
90,0,86,2,COLLINGWOOD_STOCKS,10500
211,0,209,2,CHADS_STOCKS,10500
89,2,87,0,JOHNS_STOCKS,10500
209,0,201,0,CASTLE_STOCKS,10500
145,0,141,0,CUTHS_STOCKS,10500
96,2,94,2,HATFIELD_STOCKS,10600
91,0,89,0,COLLINGWOOD_STOCKS,10600
209,1,205,1,CHADS_STOCKS,10600
89,0,87,0,JOHNS_STOCKS,10600
209,8,201,2,CASTLE_STOCKS,10600
144,3,142,2,CUTHS_STOCKS,10600
98,3,94,3,HATFIELD_STOCKS,10700
91,0,89,0,COLLINGWOOD_STOCKS,10700
209,0,205,0,CHADS_STOCKS,10700
89,2,87,1,JOHNS_STOCKS,10700
209,2,201,2,CASTLE_STOCKS,10700
144,1,142,1,CUTHS_STOCKS,10700
97,2,95,3,HATFIELD_STOCKS,10800
93,0,89,0,COLLINGWOOD_STOCKS,10800
209,0,207,1,CHADS_STOCKS,10800
90,1,88,1,JOHNS_STOCKS,10800
208,1,202,4,CASTLE_STOCKS,10800
146,0,142,0,CUTHS_STOCKS,10800
100,0,96,2,HATFIELD_STOCKS,10900
94,0,90,1,COLLINGWOOD_STOCKS,10900
210,0,206,0,CHADS_STOCKS,10900
91,0,87,0,JOHNS_STOCKS,10900
208,2,202,5,CASTLE_STOCKS,10900
144,1,142,0,CUTHS_STOCKS,10900
99,4,97,3,HATFIELD_STOCKS,11000
93,0,91,0,COLLINGWOOD_STOCKS,11000
209,0,207,0,CHADS_STOCKS,11000
88,0,86,1,JOHNS_STOCKS,11000
208,1,200,0,CASTLE_STOCKS,11000
144,1,140,2,CUTHS_STOCKS,11000
100,0,96,0,HATFIELD_STOCKS,11100
94,1,90,1,COLLINGWOOD_STOCKS,11100
211,0,207,1,CHADS_STOCKS,11100
88,2,86,2,JOHNS_STOCKS,11100
208,4,202,4,CASTLE_STOCKS,11100
144,4,140,0,CUTHS_STOCKS,11100
100,0,96,0,HATFIELD_STOCKS,11200
94,2,90,0,COLLINGWOOD_STOCKS,11200
211,1,207,1,CHADS_STOCKS,11200
89,2,87,3,JOHNS_STOCKS,11200
209,0,201,0,CASTLE_STOCKS,11200
143,0,141,0,CUTHS_STOCKS,11200
99,3,95,0,HATFIELD_STOCKS,11300
94,0,90,0,COLLINGWOOD_STOCKS,11300
208,1,204,2,CHADS_STOCKS,11300
87,2,85,1,JOHNS_STOCKS,11300
207,3,201,4,CASTLE_STOCKS,11300
144,0,140,0,CUTHS_STOCKS,11300
98,0,94,0,HATFIELD_STOCKS,11400
94,0,90,3,COLLINGWOOD_STOCKS,11400
209,1,205,0,CHADS_STOCKS,11400
89,1,85,1,JOHNS_STOCKS,11400
209,4,201,10,CASTLE_STOCKS,11400
143,0,139,1,CUTHS_STOCKS,11400
98,0,96,0,HATFIELD_STOCKS,11500
93,3,91,0,COLLINGWOOD_STOCKS,11500
207,0,205,1,CHADS_STOCKS,11500
89,0,85,0,JOHNS_STOCKS,11500
207,7,201,2,CASTLE_STOCKS,11500
143,3,141,1,CUTHS_STOCKS,11500
98,2,96,2,HATFIELD_STOCKS,11600
95,0,91,0,COLLINGWOOD_STOCKS,11600
209,1,205,0,CHADS_STOCKS,11600
88,3,84,2,JOHNS_STOCKS,11600
208,6,200,5,CASTLE_STOCKS,11600
144,0,140,0,CUTHS_STOCKS,11600
99,0,95,0,HATFIELD_STOCKS,11700
94,0,92,0,COLLINGWOOD_STOCKS,11700
208,1,206,1,CHADS_STOCKS,11700
88,0,84,0,JOHNS_STOCKS,11700
207,0,201,0,CASTLE_STOCKS,11700
144,0,140,0,CUTHS_STOCKS,11700
99,1,95,0,HATFIELD_STOCKS,11800
94,2,90,0,COLLINGWOOD_STOCKS,11800
207,0,203,0,CHADS_STOCKS,11800
89,0,85,0,JOHNS_STOCKS,11800
208,7,200,12,CASTLE_STOCKS,11800
144,0,142,0,CUTHS_STOCKS,11800
101,1,97,0,HATFIELD_STOCKS,11900
96,0,92,2,COLLINGWOOD_STOCKS,11900
207,0,205,0,CHADS_STOCKS,11900
88,2,86,1,JOHNS_STOCKS,11900
207,0,201,2,CASTLE_STOCKS,11900
145,0,141,0,CUTHS_STOCKS,11900
99,0,97,0,HATFIELD_STOCKS,12000
95,0,91,0,COLLINGWOOD_STOCKS,12000
210,0,206,0,CHADS_STOCKS,12000
91,0,87,0,JOHNS_STOCKS,12000
207,2,199,1,CASTLE_STOCKS,12000
144,2,140,2,CUTHS_STOCKS,12000
100,0,96,1,HATFIELD_STOCKS,12100
94,0,92,0,COLLINGWOOD_STOCKS,12100
209,1,207,1,CHADS_STOCKS,12100
92,0,88,0,JOHNS_STOCKS,12100
207,3,199,4,CASTLE_STOCKS,12100
142,1,140,0,CUTHS_STOCKS,12100
100,0,98,0,HATFIELD_STOCKS,12200
95,1,91,1,COLLINGWOOD_STOCKS,12200
209,0,207,0,CHADS_STOCKS,12200
91,2,89,0,JOHNS_STOCKS,12200
206,5,200,4,CASTLE_STOCKS,12200
143,0,139,0,CUTHS_STOCKS,12200
100,0,98,0,HATFIELD_STOCKS,12300
95,2,93,4,COLLINGWOOD_STOCKS,12300
209,0,207,1,CHADS_STOCKS,12300
93,0,89,0,JOHNS_STOCKS,12300
206,5,198,1,CASTLE_STOCKS,12300
143,0,139,0,CUTHS_STOCKS,12300
100,0,98,0,HATFIELD_STOCKS,12400
95,1,93,2,COLLINGWOOD_STOCKS,12400
209,0,205,0,CHADS_STOCKS,12400
92,3,90,3,JOHNS_STOCKS,12400
205,6,199,10,CASTLE_STOCKS,12400
143,0,139,0,CUTHS_STOCKS,12400
101,3,97,0,HATFIELD_STOCKS,12500
96,0,92,0,COLLINGWOOD_STOCKS,12500
209,1,207,0,CHADS_STOCKS,12500
94,1,92,0,JOHNS_STOCKS,12500
207,8,199,9,CASTLE_STOCKS,12500
141,2,139,1,CUTHS_STOCKS,12500
102,1,98,0,HATFIELD_STOCKS,12600
96,0,94,1,COLLINGWOOD_STOCKS,12600
210,0,206,1,CHADS_STOCKS,12600
94,3,92,1,JOHNS_STOCKS,12600
207,10,199,9,CASTLE_STOCKS,12600
142,1,138,0,CUTHS_STOCKS,12600
101,2,99,2,HATFIELD_STOCKS,12700
98,0,94,3,COLLINGWOOD_STOCKS,12700
208,1,206,2,CHADS_STOCKS,12700
94,0,90,1,JOHNS_STOCKS,12700
207,0,199,0,CASTLE_STOCKS,12700
140,0,138,0,CUTHS_STOCKS,12700
102,0,98,0,HATFIELD_STOCKS,12800
97,1,93,3,COLLINGWOOD_STOCKS,12800
210,1,206,2,CHADS_STOCKS,12800
94,2,92,2,JOHNS_STOCKS,12800
207,6,199,5,CASTLE_STOCKS,12800
142,0,138,0,CUTHS_STOCKS,12800
101,3,99,1,HATFIELD_STOCKS,12900
97,1,93,1,COLLINGWOOD_STOCKS,12900
208,2,204,1,CHADS_STOCKS,12900
94,0,90,0,JOHNS_STOCKS,12900
207,1,199,2,CASTLE_STOCKS,12900
139,1,137,0,CUTHS_STOCKS,12900
100,2,98,0,HATFIELD_STOCKS,13000
97,1,93,4,COLLINGWOOD_STOCKS,13000
208,0,204,0,CHADS_STOCKS,13000
94,1,90,1,JOHNS_STOCKS,13000
207,9,199,4,CASTLE_STOCKS,13000
141,0,137,0,CUTHS_STOCKS,13000
100,0,96,0,HATFIELD_STOCKS,13100
96,0,94,0,COLLINGWOOD_STOCKS,13100
207,1,203,1,CHADS_STOCKS,13100
93,1,89,1,JOHNS_STOCKS,13100
207,5,199,8,CASTLE_STOCKS,13100
139,3,137,0,CUTHS_STOCKS,13100
99,0,97,0,HATFIELD_STOCKS,13200
95,0,93,0,COLLINGWOOD_STOCKS,13200
207,2,203,1,CHADS_STOCKS,13200
93,0,91,1,JOHNS_STOCKS,13200
207,7,199,6,CASTLE_STOCKS,13200
141,4,137,1,CUTHS_STOCKS,13200
101,1,97,0,HATFIELD_STOCKS,13300
97,0,93,0,COLLINGWOOD_STOCKS,13300
207,0,203,0,CHADS_STOCKS,13300
94,0,90,2,JOHNS_STOCKS,13300
207,9,199,1,CASTLE_STOCKS,13300
140,0,136,0,CUTHS_STOCKS,13300
102,0,98,0,HATFIELD_STOCKS,13400
96,1,94,1,COLLINGWOOD_STOCKS,13400
206,1,202,1,CHADS_STOCKS,13400
92,0,88,1,JOHNS_STOCKS,13400
207,9,199,7,CASTLE_STOCKS,13400
139,2,135,0,CUTHS_STOCKS,13400
100,0,98,3,HATFIELD_STOCKS,13500
96,2,92,2,COLLINGWOOD_STOCKS,13500
205,0,201,1,CHADS_STOCKS,13500
90,2,86,1,JOHNS_STOCKS,13500
207,2,199,0,CASTLE_STOCKS,13500
138,0,134,0,CUTHS_STOCKS,13500
100,0,98,0,HATFIELD_STOCKS,13600
95,3,93,3,COLLINGWOOD_STOCKS,13600
204,2,200,4,CHADS_STOCKS,13600
89,2,87,1,JOHNS_STOCKS,13600
206,1,198,7,CASTLE_STOCKS,13600
136,2,134,2,CUTHS_STOCKS,13600
100,1,96,0,HATFIELD_STOCKS,13700
95,1,91,2,COLLINGWOOD_STOCKS,13700
205,0,201,2,CHADS_STOCKS,13700
90,3,86,2,JOHNS_STOCKS,13700
206,1,198,3,CASTLE_STOCKS,13700
136,2,134,1,CUTHS_STOCKS,13700
99,0,95,0,HATFIELD_STOCKS,13800
95,0,91,0,COLLINGWOOD_STOCKS,13800
205,0,203,0,CHADS_STOCKS,13800
90,0,88,0,JOHNS_STOCKS,13800
206,1,198,1,CASTLE_STOCKS,13800
136,4,134,4,CUTHS_STOCKS,13800
100,0,96,0,HATFIELD_STOCKS,13900
95,0,91,1,COLLINGWOOD_STOCKS,13900
206,1,202,1,CHADS_STOCKS,13900
89,2,87,1,JOHNS_STOCKS,13900
205,6,199,4,CASTLE_STOCKS,13900
137,0,133,0,CUTHS_STOCKS,13900
100,0,96,0,HATFIELD_STOCKS,14000
96,1,92,2,COLLINGWOOD_STOCKS,14000
204,3,202,4,CHADS_STOCKS,14000
91,0,87,0,JOHNS_STOCKS,14000
206,0,198,0,CASTLE_STOCKS,14000
139,1,135,0,CUTHS_STOCKS,14000
100,1,96,0,HATFIELD_STOCKS,14100
96,1,92,3,COLLINGWOOD_STOCKS,14100
205,0,201,0,CHADS_STOCKS,14100
89,0,85,0,JOHNS_STOCKS,14100
205,10,199,5,CASTLE_STOCKS,14100
139,0,135,0,CUTHS_STOCKS,14100
99,2,97,0,HATFIELD_STOCKS,14200
95,0,93,0,COLLINGWOOD_STOCKS,14200
203,0,199,0,CHADS_STOCKS,14200
89,0,87,1,JOHNS_STOCKS,14200
206,4,198,0,CASTLE_STOCKS,14200
140,0,136,2,CUTHS_STOCKS,14200
100,0,96,2,HATFIELD_STOCKS,14300
96,1,92,1,COLLINGWOOD_STOCKS,14300
204,0,200,1,CHADS_STOCKS,14300
89,0,87,0,JOHNS_STOCKS,14300
206,3,198,3,CASTLE_STOCKS,14300
139,1,135,1,CUTHS_STOCKS,14300
100,0,96,0,HATFIELD_STOCKS,14400
95,0,93,0,COLLINGWOOD_STOCKS,14400
203,0,201,0,CHADS_STOCKS,14400
91,2,87,0,JOHNS_STOCKS,14400
206,4,198,6,CASTLE_STOCKS,14400
139,0,135,0,CUTHS_STOCKS,14400
99,0,97,1,HATFIELD_STOCKS,14500
94,1,92,0,COLLINGWOOD_STOCKS,14500
204,3,200,1,CHADS_STOCKS,14500
89,1,85,0,JOHNS_STOCKS,14500
206,0,198,1,CASTLE_STOCKS,14500
138,0,136,0,CUTHS_STOCKS,14500
100,2,96,1,HATFIELD_STOCKS,14600
96,0,94,2,COLLINGWOOD_STOCKS,14600
205,4,203,0,CHADS_STOCKS,14600
88,1,84,1,JOHNS_STOCKS,14600
205,3,197,5,CASTLE_STOCKS,14600
139,0,135,0,CUTHS_STOCKS,14600
100,3,98,1,HATFIELD_STOCKS,14700
98,1,94,3,COLLINGWOOD_STOCKS,14700
206,1,202,3,CHADS_STOCKS,14700
86,4,84,1,JOHNS_STOCKS,14700
206,0,198,0,CASTLE_STOCKS,14700
138,0,136,2,CUTHS_STOCKS,14700
100,3,98,4,HATFIELD_STOCKS,14800
97,1,93,0,COLLINGWOOD_STOCKS,14800
205,2,201,2,CHADS_STOCKS,14800
88,0,84,1,JOHNS_STOCKS,14800
204,6,198,2,CASTLE_STOCKS,14800
138,0,136,0,CUTHS_STOCKS,14800
101,0,97,0,HATFIELD_STOCKS,14900
97,0,93,0,COLLINGWOOD_STOCKS,14900
205,1,201,0,CHADS_STOCKS,14900
89,0,85,1,JOHNS_STOCKS,14900
204,11,198,0,CASTLE_STOCKS,14900
138,1,136,0,CUTHS_STOCKS,14900
100,1,96,3,HATFIELD_STOCKS,15000
97,2,93,0,COLLINGWOOD_STOCKS,15000
203,0,201,0,CHADS_STOCKS,15000
89,0,85,0,JOHNS_STOCKS,15000
204,8,196,3,CASTLE_STOCKS,15000
137,0,135,2,CUTHS_STOCKS,15000
99,1,97,2,HATFIELD_STOCKS,15100
97,1,93,1,COLLINGWOOD_STOCKS,15100
204,0,202,0,CHADS_STOCKS,15100
90,0,86,0,JOHNS_STOCKS,15100
205,3,197,2,CASTLE_STOCKS,15100
139,0,135,0,CUTHS_STOCKS,15100
100,0,96,2,HATFIELD_STOCKS,15200
97,0,93,0,COLLINGWOOD_STOCKS,15200
205,0,203,0,CHADS_STOCKS,15200
90,3,86,1,JOHNS_STOCKS,15200
205,1,197,2,CASTLE_STOCKS,15200
138,3,136,2,CUTHS_STOCKS,15200
100,4,96,2,HATFIELD_STOCKS,15300
97,1,93,0,COLLINGWOOD_STOCKS,15300
206,0,202,1,CHADS_STOCKS,15300
90,0,86,0,JOHNS_STOCKS,15300
205,3,197,7,CASTLE_STOCKS,15300
137,0,135,0,CUTHS_STOCKS,15300
102,0,98,0,HATFIELD_STOCKS,15400
97,1,95,0,COLLINGWOOD_STOCKS,15400
205,0,203,0,CHADS_STOCKS,15400
91,0,87,0,JOHNS_STOCKS,15400
205,0,199,1,CASTLE_STOCKS,15400
139,0,135,0,CUTHS_STOCKS,15400
101,0,97,0,HATFIELD_STOCKS,15500
97,0,93,0,COLLINGWOOD_STOCKS,15500
207,0,203,0,CHADS_STOCKS,15500
92,0,88,0,JOHNS_STOCKS,15500
206,2,198,1,CASTLE_STOCKS,15500
139,1,137,0,CUTHS_STOCKS,15500
102,0,98,0,HATFIELD_STOCKS,15600
98,0,96,2,COLLINGWOOD_STOCKS,15600
205,0,201,0,CHADS_STOCKS,15600
91,0,87,0,JOHNS_STOCKS,15600
205,6,197,1,CASTLE_STOCKS,15600
138,1,134,1,CUTHS_STOCKS,15600
102,0,98,0,HATFIELD_STOCKS,15700
98,0,94,2,COLLINGWOOD_STOCKS,15700
202,0,198,0,CHADS_STOCKS,15700
91,0,89,0,JOHNS_STOCKS,15700
204,0,198,0,CASTLE_STOCKS,15700
139,0,135,0,CUTHS_STOCKS,15700
100,0,98,0,HATFIELD_STOCKS,15800
96,3,94,3,COLLINGWOOD_STOCKS,15800
203,4,201,0,CHADS_STOCKS,15800
93,0,89,0,JOHNS_STOCKS,15800
206,1,198,6,CASTLE_STOCKS,15800
140,2,136,4,CUTHS_STOCKS,15800
101,3,99,1,HATFIELD_STOCKS,15900
96,2,94,0,COLLINGWOOD_STOCKS,15900
201,0,199,1,CHADS_STOCKS,15900
92,2,88,1,JOHNS_STOCKS,15900
205,0,197,2,CASTLE_STOCKS,15900
139,0,135,0,CUTHS_STOCKS,15900
103,0,99,0,HATFIELD_STOCKS,16000
98,2,94,1,COLLINGWOOD_STOCKS,16000
202,0,198,1,CHADS_STOCKS,16000
90,2,88,2,JOHNS_STOCKS,16000
204,0,198,0,CASTLE_STOCKS,16000
139,0,135,3,CUTHS_STOCKS,16000
103,1,99,1,HATFIELD_STOCKS,16100
97,1,93,0,COLLINGWOOD_STOCKS,16100
200,0,196,0,CHADS_STOCKS,16100
93,1,89,2,JOHNS_STOCKS,16100
205,9,197,13,CASTLE_STOCKS,16100
139,4,135,0,CUTHS_STOCKS,16100
102,1,98,0,HATFIELD_STOCKS,16200
97,1,93,2,COLLINGWOOD_STOCKS,16200
201,0,199,0,CHADS_STOCKS,16200
95,0,91,0,JOHNS_STOCKS,16200
205,1,199,4,CASTLE_STOCKS,16200
139,2,135,0,CUTHS_STOCKS,16200
102,0,98,0,HATFIELD_STOCKS,16300
96,1,92,0,COLLINGWOOD_STOCKS,16300
202,0,198,1,CHADS_STOCKS,16300
97,1,93,0,JOHNS_STOCKS,16300
205,3,199,3,CASTLE_STOCKS,16300
139,1,135,0,CUTHS_STOCKS,16300
102,2,98,3,HATFIELD_STOCKS,16400
96,0,92,1,COLLINGWOOD_STOCKS,16400
200,0,198,1,CHADS_STOCKS,16400
97,0,95,0,JOHNS_STOCKS,16400
206,2,198,6,CASTLE_STOCKS,16400
139,1,135,1,CUTHS_STOCKS,16400
100,0,98,0,HATFIELD_STOCKS,16500
95,0,91,1,COLLINGWOOD_STOCKS,16500
202,0,198,0,CHADS_STOCKS,16500
96,3,92,0,JOHNS_STOCKS,16500
206,1,198,2,CASTLE_STOCKS,16500
139,1,135,0,CUTHS_STOCKS,16500
99,0,97,0,HATFIELD_STOCKS,16600
96,0,92,0,COLLINGWOOD_STOCKS,16600
203,0,199,0,CHADS_STOCKS,16600
95,2,91,2,JOHNS_STOCKS,16600
206,3,198,3,CASTLE_STOCKS,16600
139,1,137,0,CUTHS_STOCKS,16600
98,0,96,0,HATFIELD_STOCKS,16700
94,2,92,3,COLLINGWOOD_STOCKS,16700
201,2,199,0,CHADS_STOCKS,16700
94,1,90,1,JOHNS_STOCKS,16700
206,5,198,3,CASTLE_STOCKS,16700
141,0,137,0,CUTHS_STOCKS,16700
99,0,95,0,HATFIELD_STOCKS,16800
93,0,91,0,COLLINGWOOD_STOCKS,16800
199,0,197,0,CHADS_STOCKS,16800
94,2,92,4,JOHNS_STOCKS,16800
206,0,198,0,CASTLE_STOCKS,16800
141,0,139,1,CUTHS_STOCKS,16800
98,1,94,0,HATFIELD_STOCKS,16900
94,0,90,0,COLLINGWOOD_STOCKS,16900
202,0,198,0,CHADS_STOCKS,16900
96,0,92,2,JOHNS_STOCKS,16900
206,10,198,4,CASTLE_STOCKS,16900
142,0,138,4,CUTHS_STOCKS,16900
97,0,95,0,HATFIELD_STOCKS,17000
94,1,90,1,COLLINGWOOD_STOCKS,17000
202,0,200,1,CHADS_STOCKS,17000
97,0,95,2,JOHNS_STOCKS,17000
205,13,197,9,CASTLE_STOCKS,17000
142,0,138,0,CUTHS_STOCKS,17000
98,1,94,1,HATFIELD_STOCKS,17100
93,0,91,0,COLLINGWOOD_STOCKS,17100
204,2,200,0,CHADS_STOCKS,17100
97,0,95,0,JOHNS_STOCKS,17100
205,0,197,0,CASTLE_STOCKS,17100
141,2,139,1,CUTHS_STOCKS,17100
98,1,96,0,HATFIELD_STOCKS,17200
95,0,93,0,COLLINGWOOD_STOCKS,17200
204,0,200,0,CHADS_STOCKS,17200
97,1,93,2,JOHNS_STOCKS,17200
204,1,198,1,CASTLE_STOCKS,17200
141,0,139,0,CUTHS_STOCKS,17200
99,0,95,0,HATFIELD_STOCKS,17300
96,0,92,0,COLLINGWOOD_STOCKS,17300
205,3,201,3,CHADS_STOCKS,17300
97,0,93,0,JOHNS_STOCKS,17300
205,1,197,0,CASTLE_STOCKS,17300
142,4,138,3,CUTHS_STOCKS,17300
100,2,96,0,HATFIELD_STOCKS,17400
97,0,93,1,COLLINGWOOD_STOCKS,17400
203,0,199,0,CHADS_STOCKS,17400
98,0,94,1,JOHNS_STOCKS,17400
205,2,199,1,CASTLE_STOCKS,17400
141,0,139,2,CUTHS_STOCKS,17400
100,0,96,0,HATFIELD_STOCKS,17500
96,1,94,2,COLLINGWOOD_STOCKS,17500
202,3,198,1,CHADS_STOCKS,17500
96,1,92,0,JOHNS_STOCKS,17500
206,3,198,12,CASTLE_STOCKS,17500
141,4,137,0,CUTHS_STOCKS,17500
100,1,96,2,HATFIELD_STOCKS,17600
97,3,95,2,COLLINGWOOD_STOCKS,17600
201,2,197,2,CHADS_STOCKS,17600
97,0,93,1,JOHNS_STOCKS,17600
206,0,198,1,CASTLE_STOCKS,17600
140,0,136,0,CUTHS_STOCKS,17600
98,0,96,1,HATFIELD_STOCKS,17700
95,4,93,1,COLLINGWOOD_STOCKS,17700
201,0,199,3,CHADS_STOCKS,17700
97,0,95,0,JOHNS_STOCKS,17700
206,1,198,9,CASTLE_STOCKS,17700
140,1,138,1,CUTHS_STOCKS,17700
99,0,95,0,HATFIELD_STOCKS,17800
96,0,92,1,COLLINGWOOD_STOCKS,17800
200,0,196,0,CHADS_STOCKS,17800
97,0,93,0,JOHNS_STOCKS,17800
206,4,198,2,CASTLE_STOCKS,17800
139,1,137,0,CUTHS_STOCKS,17800
100,1,96,0,HATFIELD_STOCKS,17900
97,0,93,0,COLLINGWOOD_STOCKS,17900
198,3,196,0,CHADS_STOCKS,17900
97,0,93,1,JOHNS_STOCKS,17900
204,3,198,7,CASTLE_STOCKS,17900
139,0,137,3,CUTHS_STOCKS,17900
99,1,95,1,HATFIELD_STOCKS,18000
97,0,93,0,COLLINGWOOD_STOCKS,18000
201,3,197,2,CHADS_STOCKS,18000
97,2,93,3,JOHNS_STOCKS,18000
204,6,198,9,CASTLE_STOCKS,18000
140,0,136,0,CUTHS_STOCKS,18000
98,1,94,0,HATFIELD_STOCKS,18100
96,0,92,0,COLLINGWOOD_STOCKS,18100
202,1,198,1,CHADS_STOCKS,18100
97,3,95,2,JOHNS_STOCKS,18100
204,1,198,3,CASTLE_STOCKS,18100
140,0,136,1,CUTHS_STOCKS,18100
99,4,95,3,HATFIELD_STOCKS,18200
96,0,92,0,COLLINGWOOD_STOCKS,18200
200,0,198,0,CHADS_STOCKS,18200
97,1,93,0,JOHNS_STOCKS,18200
205,4,197,4,CASTLE_STOCKS,18200
138,0,136,0,CUTHS_STOCKS,18200
97,2,95,4,HATFIELD_STOCKS,18300
95,1,91,0,COLLINGWOOD_STOCKS,18300
201,0,199,0,CHADS_STOCKS,18300
97,0,93,0,JOHNS_STOCKS,18300
204,4,196,0,CASTLE_STOCKS,18300
139,3,135,2,CUTHS_STOCKS,18300
98,0,94,0,HATFIELD_STOCKS,18400
96,1,92,1,COLLINGWOOD_STOCKS,18400
200,3,196,0,CHADS_STOCKS,18400
98,0,94,0,JOHNS_STOCKS,18400
205,2,197,1,CASTLE_STOCKS,18400
139,1,137,1,CUTHS_STOCKS,18400
98,0,94,0,HATFIELD_STOCKS,18500
96,2,92,0,COLLINGWOOD_STOCKS,18500
200,0,196,0,CHADS_STOCKS,18500
100,3,96,2,JOHNS_STOCKS,18500
205,2,197,1,CASTLE_STOCKS,18500
140,0,136,0,CUTHS_STOCKS,18500
98,1,96,0,HATFIELD_STOCKS,18600
95,1,93,0,COLLINGWOOD_STOCKS,18600
200,1,198,2,CHADS_STOCKS,18600
99,0,97,1,JOHNS_STOCKS,18600
206,4,198,3,CASTLE_STOCKS,18600
141,2,137,3,CUTHS_STOCKS,18600
98,0,96,0,HATFIELD_STOCKS,18700
94,2,92,3,COLLINGWOOD_STOCKS,18700
201,1,199,1,CHADS_STOCKS,18700
98,1,96,3,JOHNS_STOCKS,18700
207,0,199,0,CASTLE_STOCKS,18700
141,0,137,0,CUTHS_STOCKS,18700
99,0,95,1,HATFIELD_STOCKS,18800
94,0,92,0,COLLINGWOOD_STOCKS,18800
201,0,199,1,CHADS_STOCKS,18800
98,0,94,0,JOHNS_STOCKS,18800
206,2,200,1,CASTLE_STOCKS,18800
140,1,138,1,CUTHS_STOCKS,18800
99,4,95,2,HATFIELD_STOCKS,18900
96,1,92,1,COLLINGWOOD_STOCKS,18900
201,0,199,0,CHADS_STOCKS,18900
99,4,95,0,JOHNS_STOCKS,18900
207,0,199,0,CASTLE_STOCKS,18900
141,0,139,0,CUTHS_STOCKS,18900
98,0,96,0,HATFIELD_STOCKS,19000
95,1,91,1,COLLINGWOOD_STOCKS,19000
201,0,199,0,CHADS_STOCKS,19000
98,1,96,1,JOHNS_STOCKS,19000
206,6,200,7,CASTLE_STOCKS,19000
143,0,139,0,CUTHS_STOCKS,19000
98,2,96,1,HATFIELD_STOCKS,19100
94,0,90,0,COLLINGWOOD_STOCKS,19100
200,0,196,0,CHADS_STOCKS,19100
99,2,97,1,JOHNS_STOCKS,19100
206,6,200,6,CASTLE_STOCKS,19100
143,0,139,3,CUTHS_STOCKS,19100
98,1,94,0,HATFIELD_STOCKS,19200
94,0,90,0,COLLINGWOOD_STOCKS,19200
199,0,197,0,CHADS_STOCKS,19200
100,0,96,0,JOHNS_STOCKS,19200
207,7,199,7,CASTLE_STOCKS,19200
143,0,139,1,CUTHS_STOCKS,19200
98,2,94,3,HATFIELD_STOCKS,19300
94,0,90,2,COLLINGWOOD_STOCKS,19300
202,2,198,2,CHADS_STOCKS,19300
100,1,96,2,JOHNS_STOCKS,19300
207,7,199,3,CASTLE_STOCKS,19300
143,1,139,0,CUTHS_STOCKS,19300
98,0,94,0,HATFIELD_STOCKS,19400
93,0,89,1,COLLINGWOOD_STOCKS,19400
203,0,201,0,CHADS_STOCKS,19400
99,0,97,0,JOHNS_STOCKS,19400
208,2,200,1,CASTLE_STOCKS,19400
144,0,140,2,CUTHS_STOCKS,19400
99,3,95,2,HATFIELD_STOCKS,19500
94,2,90,2,COLLINGWOOD_STOCKS,19500
203,0,199,0,CHADS_STOCKS,19500
100,1,96,1,JOHNS_STOCKS,19500
207,8,201,6,CASTLE_STOCKS,19500
144,1,140,3,CUTHS_STOCKS,19500
99,2,95,3,HATFIELD_STOCKS,19600
94,3,90,3,COLLINGWOOD_STOCKS,19600
203,1,199,3,CHADS_STOCKS,19600
102,3,98,2,JOHNS_STOCKS,19600
208,2,200,2,CASTLE_STOCKS,19600
144,0,140,0,CUTHS_STOCKS,19600
98,0,96,0,HATFIELD_STOCKS,19700
94,0,90,1,COLLINGWOOD_STOCKS,19700
204,3,200,1,CHADS_STOCKS,19700
100,1,98,2,JOHNS_STOCKS,19700
207,0,201,0,CASTLE_STOCKS,19700
142,4,140,1,CUTHS_STOCKS,19700
99,0,95,0,HATFIELD_STOCKS,19800
94,0,90,0,COLLINGWOOD_STOCKS,19800
202,3,198,4,CHADS_STOCKS,19800
102,0,100,0,JOHNS_STOCKS,19800
209,1,201,0,CASTLE_STOCKS,19800
144,4,140,1,CUTHS_STOCKS,19800
98,2,96,2,HATFIELD_STOCKS,19900
95,0,91,2,COLLINGWOOD_STOCKS,19900
201,4,199,2,CHADS_STOCKS,19900
103,0,99,0,JOHNS_STOCKS,19900
208,5,200,3,CASTLE_STOCKS,19900
142,0,138,0,CUTHS_STOCKS,19900
100,0,96,0,HATFIELD_STOCKS,20000
95,0,91,0,COLLINGWOOD_STOCKS,20000
203,1,199,0,CHADS_STOCKS,20000
103,0,99,0,JOHNS_STOCKS,20000
208,6,200,4,CASTLE_STOCKS,20000
141,2,139,2,CUTHS_STOCKS,20000
99,1,95,0,HATFIELD_STOCKS,20100
94,0,90,1,COLLINGWOOD_STOCKS,20100
202,0,198,0,CHADS_STOCKS,20100
101,0,97,0,JOHNS_STOCKS,20100
208,4,200,4,CASTLE_STOCKS,20100
141,1,139,0,CUTHS_STOCKS,20100
99,0,95,1,HATFIELD_STOCKS,20200
95,0,91,0,COLLINGWOOD_STOCKS,20200
203,1,201,0,CHADS_STOCKS,20200
103,0,99,0,JOHNS_STOCKS,20200
208,3,200,2,CASTLE_STOCKS,20200
141,1,139,1,CUTHS_STOCKS,20200
99,0,97,0,HATFIELD_STOCKS,20300
95,3,93,2,COLLINGWOOD_STOCKS,20300
204,0,200,0,CHADS_STOCKS,20300
102,1,100,0,JOHNS_STOCKS,20300
208,3,200,9,CASTLE_STOCKS,20300
143,1,139,0,CUTHS_STOCKS,20300
100,2,96,2,HATFIELD_STOCKS,20400
96,0,92,0,COLLINGWOOD_STOCKS,20400
202,2,200,0,CHADS_STOCKS,20400
102,1,98,0,JOHNS_STOCKS,20400
207,5,201,7,CASTLE_STOCKS,20400
141,0,139,0,CUTHS_STOCKS,20400
99,2,97,3,HATFIELD_STOCKS,20500
96,3,94,1,COLLINGWOOD_STOCKS,20500
202,3,198,1,CHADS_STOCKS,20500
100,1,98,0,JOHNS_STOCKS,20500
207,6,201,5,CASTLE_STOCKS,20500
141,1,139,2,CUTHS_STOCKS,20500
101,0,97,0,HATFIELD_STOCKS,20600
97,2,93,4,COLLINGWOOD_STOCKS,20600
201,1,199,1,CHADS_STOCKS,20600
100,0,98,0,JOHNS_STOCKS,20600
207,6,201,7,CASTLE_STOCKS,20600
142,0,138,0,CUTHS_STOCKS,20600
102,0,98,0,HATFIELD_STOCKS,20700
98,0,94,0,COLLINGWOOD_STOCKS,20700
201,1,199,0,CHADS_STOCKS,20700
101,0,99,1,JOHNS_STOCKS,20700
208,4,200,6,CASTLE_STOCKS,20700
142,3,138,1,CUTHS_STOCKS,20700
100,0,98,0,HATFIELD_STOCKS,20800
97,2,93,2,COLLINGWOOD_STOCKS,20800
202,0,198,0,CHADS_STOCKS,20800
103,1,101,1,JOHNS_STOCKS,20800
209,7,201,0,CASTLE_STOCKS,20800
141,0,137,0,CUTHS_STOCKS,20800
101,0,97,0,HATFIELD_STOCKS,20900
96,4,94,4,COLLINGWOOD_STOCKS,20900
203,0,199,1,CHADS_STOCKS,20900
104,0,100,0,JOHNS_STOCKS,20900
208,1,200,1,CASTLE_STOCKS,20900
140,0,138,0,CUTHS_STOCKS,20900
100,1,98,3,HATFIELD_STOCKS,21000
97,0,93,0,COLLINGWOOD_STOCKS,21000
203,0,201,2,CHADS_STOCKS,21000
103,0,101,0,JOHNS_STOCKS,21000
207,7,201,4,CASTLE_STOCKS,21000
140,1,138,0,CUTHS_STOCKS,21000
101,1,97,0,HATFIELD_STOCKS,21100
97,0,93,0,COLLINGWOOD_STOCKS,21100
206,3,202,0,CHADS_STOCKS,21100
103,0,99,0,JOHNS_STOCKS,21100
207,0,201,0,CASTLE_STOCKS,21100
141,0,137,0,CUTHS_STOCKS,21100
100,0,98,0,HATFIELD_STOCKS,21200
96,0,92,2,COLLINGWOOD_STOCKS,21200
203,0,199,0,CHADS_STOCKS,21200
101,3,99,3,JOHNS_STOCKS,21200
207,3,201,1,CASTLE_STOCKS,21200
142,3,138,0,CUTHS_STOCKS,21200
101,0,97,0,HATFIELD_STOCKS,21300
96,0,92,0,COLLINGWOOD_STOCKS,21300
202,0,198,1,CHADS_STOCKS,21300
100,1,96,1,JOHNS_STOCKS,21300
208,7,200,7,CASTLE_STOCKS,21300
141,1,137,2,CUTHS_STOCKS,21300
99,3,97,2,HATFIELD_STOCKS,21400
95,0,91,1,COLLINGWOOD_STOCKS,21400
200,0,198,0,CHADS_STOCKS,21400
99,2,97,3,JOHNS_STOCKS,21400
208,2,200,4,CASTLE_STOCKS,21400
142,3,138,1,CUTHS_STOCKS,21400
100,0,96,0,HATFIELD_STOCKS,21500
94,0,92,0,COLLINGWOOD_STOCKS,21500
200,0,196,3,CHADS_STOCKS,21500
100,0,96,4,JOHNS_STOCKS,21500
206,8,200,0,CASTLE_STOCKS,21500
141,0,137,1,CUTHS_STOCKS,21500
100,2,96,3,HATFIELD_STOCKS,21600
96,2,92,1,COLLINGWOOD_STOCKS,21600
200,0,196,0,CHADS_STOCKS,21600
100,0,96,0,JOHNS_STOCKS,21600
206,4,200,4,CASTLE_STOCKS,21600
141,0,137,0,CUTHS_STOCKS,21600
99,0,97,0,HATFIELD_STOCKS,21700
96,2,92,2,COLLINGWOOD_STOCKS,21700
199,0,195,0,CHADS_STOCKS,21700
100,0,96,0,JOHNS_STOCKS,21700
207,10,199,10,CASTLE_STOCKS,21700
141,1,137,2,CUTHS_STOCKS,21700
100,0,98,0,HATFIELD_STOCKS,21800
95,3,93,1,COLLINGWOOD_STOCKS,21800
198,0,194,0,CHADS_STOCKS,21800
99,1,95,0,JOHNS_STOCKS,21800
207,0,199,9,CASTLE_STOCKS,21800
141,2,137,1,CUTHS_STOCKS,21800
100,0,98,0,HATFIELD_STOCKS,21900
97,0,93,0,COLLINGWOOD_STOCKS,21900
198,1,196,1,CHADS_STOCKS,21900
99,2,95,2,JOHNS_STOCKS,21900
206,1,200,0,CASTLE_STOCKS,21900
141,1,137,1,CUTHS_STOCKS,21900
101,1,97,1,HATFIELD_STOCKS,22000
97,0,93,0,COLLINGWOOD_STOCKS,22000
196,1,192,0,CHADS_STOCKS,22000
98,1,94,0,JOHNS_STOCKS,22000
207,4,199,3,CASTLE_STOCKS,22000
140,2,138,1,CUTHS_STOCKS,22000
101,0,97,0,HATFIELD_STOCKS,22100
97,0,93,0,COLLINGWOOD_STOCKS,22100
196,0,192,0,CHADS_STOCKS,22100
96,0,94,3,JOHNS_STOCKS,22100
207,1,199,1,CASTLE_STOCKS,22100
143,0,139,0,CUTHS_STOCKS,22100
99,1,97,0,HATFIELD_STOCKS,22200
95,0,91,0,COLLINGWOOD_STOCKS,22200
198,1,194,0,CHADS_STOCKS,22200
98,0,94,0,JOHNS_STOCKS,22200
207,7,199,4,CASTLE_STOCKS,22200
142,0,140,0,CUTHS_STOCKS,22200
101,3,99,4,HATFIELD_STOCKS,22300
94,0,92,2,COLLINGWOOD_STOCKS,22300
197,0,193,4,CHADS_STOCKS,22300
98,0,94,1,JOHNS_STOCKS,22300
207,2,199,5,CASTLE_STOCKS,22300
141,0,139,0,CUTHS_STOCKS,22300
101,0,99,0,HATFIELD_STOCKS,22400
94,0,90,0,COLLINGWOOD_STOCKS,22400
196,0,194,0,CHADS_STOCKS,22400
98,0,96,2,JOHNS_STOCKS,22400
206,0,198,0,CASTLE_STOCKS,22400
141,0,137,0,CUTHS_STOCKS,22400
100,0,98,0,HATFIELD_STOCKS,22500
94,0,90,0,COLLINGWOOD_STOCKS,22500
197,0,193,0,CHADS_STOCKS,22500
99,0,95,0,JOHNS_STOCKS,22500
207,3,199,3,CASTLE_STOCKS,22500
141,0,137,0,CUTHS_STOCKS,22500
100,2,98,2,HATFIELD_STOCKS,22600
93,3,91,2,COLLINGWOOD_STOCKS,22600
198,0,194,0,CHADS_STOCKS,22600
98,2,94,3,JOHNS_STOCKS,22600
206,3,200,9,CASTLE_STOCKS,22600
141,3,137,1,CUTHS_STOCKS,22600
99,1,95,2,HATFIELD_STOCKS,22700
93,0,89,0,COLLINGWOOD_STOCKS,22700
197,3,193,0,CHADS_STOCKS,22700
99,0,95,1,JOHNS_STOCKS,22700
207,1,199,2,CASTLE_STOCKS,22700
140,2,136,2,CUTHS_STOCKS,22700
99,0,97,0,HATFIELD_STOCKS,22800
93,0,89,0,COLLINGWOOD_STOCKS,22800
197,0,193,0,CHADS_STOCKS,22800
101,0,97,1,JOHNS_STOCKS,22800
206,8,200,4,CASTLE_STOCKS,22800
140,0,136,0,CUTHS_STOCKS,22800
99,2,95,1,HATFIELD_STOCKS,22900
92,0,88,2,COLLINGWOOD_STOCKS,22900
197,3,193,0,CHADS_STOCKS,22900
101,1,97,2,JOHNS_STOCKS,22900
207,8,199,7,CASTLE_STOCKS,22900
141,1,137,1,CUTHS_STOCKS,22900
99,0,97,0,HATFIELD_STOCKS,23000
92,0,90,0,COLLINGWOOD_STOCKS,23000
199,0,195,1,CHADS_STOCKS,23000
100,4,98,0,JOHNS_STOCKS,23000
207,5,199,10,CASTLE_STOCKS,23000
142,0,138,1,CUTHS_STOCKS,23000
100,0,96,1,HATFIELD_STOCKS,23100
94,0,90,0,COLLINGWOOD_STOCKS,23100
199,0,197,1,CHADS_STOCKS,23100
99,0,97,0,JOHNS_STOCKS,23100
207,4,201,2,CASTLE_STOCKS,23100
141,1,139,0,CUTHS_STOCKS,23100
100,0,98,1,HATFIELD_STOCKS,23200
95,3,93,1,COLLINGWOOD_STOCKS,23200
200,0,196,0,CHADS_STOCKS,23200
101,1,99,1,JOHNS_STOCKS,23200
208,1,200,1,CASTLE_STOCKS,23200
141,0,139,0,CUTHS_STOCKS,23200
102,0,98,0,HATFIELD_STOCKS,23300
95,1,93,2,COLLINGWOOD_STOCKS,23300
200,3,198,1,CHADS_STOCKS,23300
102,0,98,0,JOHNS_STOCKS,23300
208,3,200,1,CASTLE_STOCKS,23300
142,0,138,2,CUTHS_STOCKS,23300
102,1,98,0,HATFIELD_STOCKS,23400
96,0,92,0,COLLINGWOOD_STOCKS,23400
199,2,195,1,CHADS_STOCKS,23400
103,0,99,1,JOHNS_STOCKS,23400
208,8,200,1,CASTLE_STOCKS,23400
142,2,140,0,CUTHS_STOCKS,23400
101,1,97,2,HATFIELD_STOCKS,23500
95,0,93,0,COLLINGWOOD_STOCKS,23500
198,1,194,0,CHADS_STOCKS,23500
104,0,100,1,JOHNS_STOCKS,23500
208,4,200,2,CASTLE_STOCKS,23500
143,2,141,3,CUTHS_STOCKS,23500
100,1,96,2,HATFIELD_STOCKS,23600
95,2,91,3,COLLINGWOOD_STOCKS,23600
198,1,194,1,CHADS_STOCKS,23600
104,1,100,0,JOHNS_STOCKS,23600
207,13,201,12,CASTLE_STOCKS,23600
144,0,140,0,CUTHS_STOCKS,23600
99,2,97,1,HATFIELD_STOCKS,23700
95,0,91,1,COLLINGWOOD_STOCKS,23700
195,1,193,3,CHADS_STOCKS,23700
103,2,101,2,JOHNS_STOCKS,23700
208,0,200,0,CASTLE_STOCKS,23700
144,0,140,0,CUTHS_STOCKS,23700
100,3,96,3,HATFIELD_STOCKS,23800
95,0,91,0,COLLINGWOOD_STOCKS,23800
198,0,194,1,CHADS_STOCKS,23800
101,0,99,0,JOHNS_STOCKS,23800
208,5,200,7,CASTLE_STOCKS,23800
143,0,139,0,CUTHS_STOCKS,23800
100,2,96,0,HATFIELD_STOCKS,23900
95,0,91,1,COLLINGWOOD_STOCKS,23900
199,0,195,0,CHADS_STOCKS,23900
101,1,99,0,JOHNS_STOCKS,23900
207,2,201,3,CASTLE_STOCKS,23900
143,4,139,0,CUTHS_STOCKS,23900
99,1,97,2,HATFIELD_STOCKS,24000
94,0,90,0,COLLINGWOOD_STOCKS,24000
198,0,196,0,CHADS_STOCKS,24000
102,0,100,0,JOHNS_STOCKS,24000
208,5,200,2,CASTLE_STOCKS,24000
142,0,138,2,CUTHS_STOCKS,24000
99,1,95,3,HATFIELD_STOCKS,24100
93,1,89,0,COLLINGWOOD_STOCKS,24100
198,0,194,0,CHADS_STOCKS,24100
101,0,97,0,JOHNS_STOCKS,24100
208,4,200,9,CASTLE_STOCKS,24100
142,0,140,0,CUTHS_STOCKS,24100
98,2,94,1,HATFIELD_STOCKS,24200
93,0,89,0,COLLINGWOOD_STOCKS,24200
200,2,196,4,CHADS_STOCKS,24200
100,2,98,2,JOHNS_STOCKS,24200
208,5,200,2,CASTLE_STOCKS,24200
141,2,137,3,CUTHS_STOCKS,24200
100,1,96,1,HATFIELD_STOCKS,24300
93,0,89,0,COLLINGWOOD_STOCKS,24300
200,0,196,0,CHADS_STOCKS,24300
100,2,96,2,JOHNS_STOCKS,24300
207,13,199,12,CASTLE_STOCKS,24300
142,0,138,0,CUTHS_STOCKS,24300
98,0,96,1,HATFIELD_STOCKS,24400
92,3,88,1,COLLINGWOOD_STOCKS,24400
202,0,198,0,CHADS_STOCKS,24400
101,0,97,0,JOHNS_STOCKS,24400
206,3,200,1,CASTLE_STOCKS,24400
141,0,139,2,CUTHS_STOCKS,24400
99,3,95,0,HATFIELD_STOCKS,24500
93,0,89,2,COLLINGWOOD_STOCKS,24500
201,0,197,0,CHADS_STOCKS,24500
100,0,96,0,JOHNS_STOCKS,24500
206,8,200,3,CASTLE_STOCKS,24500
141,4,137,3,CUTHS_STOCKS,24500
98,2,94,4,HATFIELD_STOCKS,24600
92,0,88,0,COLLINGWOOD_STOCKS,24600
199,0,195,0,CHADS_STOCKS,24600
100,4,98,0,JOHNS_STOCKS,24600
207,2,199,1,CASTLE_STOCKS,24600
139,1,137,0,CUTHS_STOCKS,24600
99,1,95,3,HATFIELD_STOCKS,24700
91,0,89,0,COLLINGWOOD_STOCKS,24700
198,1,196,1,CHADS_STOCKS,24700
101,0,97,0,JOHNS_STOCKS,24700
206,8,200,13,CASTLE_STOCKS,24700
141,0,137,0,CUTHS_STOCKS,24700
99,0,97,0,HATFIELD_STOCKS,24800
92,2,88,2,COLLINGWOOD_STOCKS,24800
198,1,194,1,CHADS_STOCKS,24800
99,0,95,0,JOHNS_STOCKS,24800
207,1,199,2,CASTLE_STOCKS,24800
141,0,137,0,CUTHS_STOCKS,24800
99,2,97,3,HATFIELD_STOCKS,24900
91,1,89,3,COLLINGWOOD_STOCKS,24900
198,0,196,0,CHADS_STOCKS,24900
97,0,95,1,JOHNS_STOCKS,24900
207,5,199,7,CASTLE_STOCKS,24900
141,0,137,0,CUTHS_STOCKS,24900
99,0,97,0,HATFIELD_STOCKS,25000
92,2,90,2,COLLINGWOOD_STOCKS,25000
201,0,197,0,CHADS_STOCKS,25000
100,1,96,0,JOHNS_STOCKS,25000
205,4,199,9,CASTLE_STOCKS,25000
140,1,138,1,CUTHS_STOCKS,25000
100,0,96,0,HATFIELD_STOCKS,25100
92,0,90,0,COLLINGWOOD_STOCKS,25100
200,2,196,2,CHADS_STOCKS,25100
100,1,96,2,JOHNS_STOCKS,25100
206,5,198,4,CASTLE_STOCKS,25100
141,0,139,0,CUTHS_STOCKS,25100
100,1,96,0,HATFIELD_STOCKS,25200
92,0,90,2,COLLINGWOOD_STOCKS,25200
200,1,198,3,CHADS_STOCKS,25200
100,0,96,0,JOHNS_STOCKS,25200
206,0,198,4,CASTLE_STOCKS,25200
142,2,140,2,CUTHS_STOCKS,25200
100,0,98,0,HATFIELD_STOCKS,25300
94,0,90,1,COLLINGWOOD_STOCKS,25300
199,0,197,1,CHADS_STOCKS,25300
98,0,96,1,JOHNS_STOCKS,25300
205,5,199,0,CASTLE_STOCKS,25300
142,0,138,0,CUTHS_STOCKS,25300
101,2,97,2,HATFIELD_STOCKS,25400
93,2,91,0,COLLINGWOOD_STOCKS,25400
202,0,198,1,CHADS_STOCKS,25400
99,0,97,1,JOHNS_STOCKS,25400
206,0,198,0,CASTLE_STOCKS,25400
142,0,138,0,CUTHS_STOCKS,25400
100,3,96,4,HATFIELD_STOCKS,25500
95,2,91,2,COLLINGWOOD_STOCKS,25500
204,2,200,4,CHADS_STOCKS,25500
100,1,98,3,JOHNS_STOCKS,25500
206,4,198,6,CASTLE_STOCKS,25500
142,1,138,0,CUTHS_STOCKS,25500
100,2,96,4,HATFIELD_STOCKS,25600
94,0,90,1,COLLINGWOOD_STOCKS,25600
203,0,201,0,CHADS_STOCKS,25600
101,2,97,3,JOHNS_STOCKS,25600
205,1,199,0,CASTLE_STOCKS,25600
143,0,139,0,CUTHS_STOCKS,25600
100,0,96,0,HATFIELD_STOCKS,25700
94,1,90,2,COLLINGWOOD_STOCKS,25700
204,2,200,1,CHADS_STOCKS,25700
102,0,98,0,JOHNS_STOCKS,25700
205,4,199,2,CASTLE_STOCKS,25700
142,0,140,1,CUTHS_STOCKS,25700
100,0,96,1,HATFIELD_STOCKS,25800
95,1,91,0,COLLINGWOOD_STOCKS,25800
203,3,199,0,CHADS_STOCKS,25800
102,0,98,0,JOHNS_STOCKS,25800
207,3,199,1,CASTLE_STOCKS,25800
143,0,139,1,CUTHS_STOCKS,25800
100,0,96,0,HATFIELD_STOCKS,25900
94,1,90,1,COLLINGWOOD_STOCKS,25900
204,0,200,0,CHADS_STOCKS,25900
105,0,103,0,JOHNS_STOCKS,25900
206,4,200,9,CASTLE_STOCKS,25900
144,1,140,0,CUTHS_STOCKS,25900
100,2,96,1,HATFIELD_STOCKS,26000
94,1,90,0,COLLINGWOOD_STOCKS,26000
204,0,200,0,CHADS_STOCKS,26000
104,3,100,0,JOHNS_STOCKS,26000
207,4,199,1,CASTLE_STOCKS,26000
143,0,139,1,CUTHS_STOCKS,26000
99,1,97,0,HATFIELD_STOCKS,26100
95,0,91,0,COLLINGWOOD_STOCKS,26100
206,1,202,3,CHADS_STOCKS,26100
106,3,102,2,JOHNS_STOCKS,26100
207,0,199,0,CASTLE_STOCKS,26100
143,0,139,1,CUTHS_STOCKS,26100
99,1,97,2,HATFIELD_STOCKS,26200
94,0,90,1,COLLINGWOOD_STOCKS,26200
205,1,203,1,CHADS_STOCKS,26200
105,2,103,1,JOHNS_STOCKS,26200
207,4,199,0,CASTLE_STOCKS,26200
142,2,140,1,CUTHS_STOCKS,26200
100,0,96,0,HATFIELD_STOCKS,26300
94,1,90,2,COLLINGWOOD_STOCKS,26300
207,0,205,0,CHADS_STOCKS,26300
104,0,100,0,JOHNS_STOCKS,26300
207,7,201,7,CASTLE_STOCKS,26300
141,0,139,0,CUTHS_STOCKS,26300
100,0,96,2,HATFIELD_STOCKS,26400
94,1,90,1,COLLINGWOOD_STOCKS,26400
207,0,203,0,CHADS_STOCKS,26400
103,0,99,0,JOHNS_STOCKS,26400
207,0,199,0,CASTLE_STOCKS,26400
141,0,139,0,CUTHS_STOCKS,26400
98,3,96,2,HATFIELD_STOCKS,26500
94,1,90,0,COLLINGWOOD_STOCKS,26500
210,0,206,0,CHADS_STOCKS,26500
105,0,101,1,JOHNS_STOCKS,26500
208,1,200,0,CASTLE_STOCKS,26500
143,0,139,0,CUTHS_STOCKS,26500
98,2,94,0,HATFIELD_STOCKS,26600
93,0,89,0,COLLINGWOOD_STOCKS,26600
208,0,204,0,CHADS_STOCKS,26600
106,2,102,2,JOHNS_STOCKS,26600
207,4,199,4,CASTLE_STOCKS,26600
142,0,140,1,CUTHS_STOCKS,26600
97,1,95,2,HATFIELD_STOCKS,26700
93,0,91,0,COLLINGWOOD_STOCKS,26700
206,0,204,0,CHADS_STOCKS,26700
104,2,100,0,JOHNS_STOCKS,26700
207,0,199,0,CASTLE_STOCKS,26700
144,1,140,1,CUTHS_STOCKS,26700
98,0,96,0,HATFIELD_STOCKS,26800
93,0,91,0,COLLINGWOOD_STOCKS,26800
206,4,204,0,CHADS_STOCKS,26800
105,0,101,0,JOHNS_STOCKS,26800
206,10,198,11,CASTLE_STOCKS,26800
144,0,140,0,CUTHS_STOCKS,26800
99,2,95,2,HATFIELD_STOCKS,26900
94,2,90,1,COLLINGWOOD_STOCKS,26900
206,0,202,0,CHADS_STOCKS,26900
105,0,101,0,JOHNS_STOCKS,26900
206,0,198,1,CASTLE_STOCKS,26900
142,4,140,0,CUTHS_STOCKS,26900
99,0,95,0,HATFIELD_STOCKS,27000
94,3,90,4,COLLINGWOOD_STOCKS,27000
205,0,201,0,CHADS_STOCKS,27000
105,0,101,0,JOHNS_STOCKS,27000
207,0,199,3,CASTLE_STOCKS,27000
144,2,140,4,CUTHS_STOCKS,27000
100,0,96,3,HATFIELD_STOCKS,27100
94,0,92,0,COLLINGWOOD_STOCKS,27100
204,1,200,0,CHADS_STOCKS,27100
104,0,102,1,JOHNS_STOCKS,27100
206,0,198,0,CASTLE_STOCKS,27100
142,0,138,0,CUTHS_STOCKS,27100
100,3,96,2,HATFIELD_STOCKS,27200
97,0,93,0,COLLINGWOOD_STOCKS,27200
203,2,201,3,CHADS_STOCKS,27200
104,0,100,1,JOHNS_STOCKS,27200
206,12,198,2,CASTLE_STOCKS,27200
143,3,139,1,CUTHS_STOCKS,27200
100,0,96,0,HATFIELD_STOCKS,27300
96,0,94,0,COLLINGWOOD_STOCKS,27300
201,0,199,0,CHADS_STOCKS,27300
103,0,99,0,JOHNS_STOCKS,27300
207,2,199,7,CASTLE_STOCKS,27300
142,0,138,0,CUTHS_STOCKS,27300
100,4,96,3,HATFIELD_STOCKS,27400
97,0,93,0,COLLINGWOOD_STOCKS,27400
200,0,198,1,CHADS_STOCKS,27400
103,3,99,3,JOHNS_STOCKS,27400
206,4,200,3,CASTLE_STOCKS,27400
142,2,138,0,CUTHS_STOCKS,27400
99,0,95,2,HATFIELD_STOCKS,27500
95,0,93,0,COLLINGWOOD_STOCKS,27500
201,1,197,1,CHADS_STOCKS,27500
104,4,100,0,JOHNS_STOCKS,27500
207,1,199,0,CASTLE_STOCKS,27500
142,0,138,0,CUTHS_STOCKS,27500
98,1,96,0,HATFIELD_STOCKS,27600
94,0,92,0,COLLINGWOOD_STOCKS,27600
200,2,196,2,CHADS_STOCKS,27600
104,0,100,0,JOHNS_STOCKS,27600
206,0,198,0,CASTLE_STOCKS,27600
141,0,137,0,CUTHS_STOCKS,27600
99,4,95,0,HATFIELD_STOCKS,27700
93,0,91,0,COLLINGWOOD_STOCKS,27700
200,0,196,1,CHADS_STOCKS,27700
103,0,101,0,JOHNS_STOCKS,27700
205,9,199,3,CASTLE_STOCKS,27700
141,0,137,0,CUTHS_STOCKS,27700
99,1,95,1,HATFIELD_STOCKS,27800
94,0,90,2,COLLINGWOOD_STOCKS,27800
198,1,196,2,CHADS_STOCKS,27800
104,0,100,0,JOHNS_STOCKS,27800
206,0,198,4,CASTLE_STOCKS,27800
140,0,136,0,CUTHS_STOCKS,27800
99,0,97,0,HATFIELD_STOCKS,27900
94,1,92,1,COLLINGWOOD_STOCKS,27900
199,2,195,0,CHADS_STOCKS,27900
103,0,101,0,JOHNS_STOCKS,27900
206,0,198,0,CASTLE_STOCKS,27900
140,0,136,0,CUTHS_STOCKS,27900
100,0,96,2,HATFIELD_STOCKS,28000
95,0,91,0,COLLINGWOOD_STOCKS,28000
198,0,196,0,CHADS_STOCKS,28000
104,0,100,0,JOHNS_STOCKS,28000
206,2,198,2,CASTLE_STOCKS,28000
141,0,137,0,CUTHS_STOCKS,28000
100,2,96,3,HATFIELD_STOCKS,28100
95,0,91,0,COLLINGWOOD_STOCKS,28100
199,0,195,0,CHADS_STOCKS,28100
102,3,98,0,JOHNS_STOCKS,28100
207,1,199,0,CASTLE_STOCKS,28100
141,0,137,1,CUTHS_STOCKS,28100
98,1,96,0,HATFIELD_STOCKS,28200
93,0,91,0,COLLINGWOOD_STOCKS,28200
199,0,195,0,CHADS_STOCKS,28200
101,1,97,1,JOHNS_STOCKS,28200
206,5,200,6,CASTLE_STOCKS,28200
140,0,138,0,CUTHS_STOCKS,28200
98,3,96,0,HATFIELD_STOCKS,28300
95,1,91,0,COLLINGWOOD_STOCKS,28300
198,0,194,0,CHADS_STOCKS,28300
100,1,96,1,JOHNS_STOCKS,28300
207,2,199,5,CASTLE_STOCKS,28300
142,1,138,3,CUTHS_STOCKS,28300
98,2,96,3,HATFIELD_STOCKS,28400
95,2,91,1,COLLINGWOOD_STOCKS,28400
199,2,195,0,CHADS_STOCKS,28400
99,0,95,0,JOHNS_STOCKS,28400
207,6,199,0,CASTLE_STOCKS,28400
142,0,138,1,CUTHS_STOCKS,28400
97,0,95,1,HATFIELD_STOCKS,28500
93,0,89,0,COLLINGWOOD_STOCKS,28500
198,2,196,4,CHADS_STOCKS,28500
100,0,96,3,JOHNS_STOCKS,28500
206,1,200,2,CASTLE_STOCKS,28500
142,1,138,1,CUTHS_STOCKS,28500
99,0,95,0,HATFIELD_STOCKS,28600
94,2,90,2,COLLINGWOOD_STOCKS,28600
198,2,196,0,CHADS_STOCKS,28600
100,1,96,0,JOHNS_STOCKS,28600
207,5,199,1,CASTLE_STOCKS,28600
142,2,140,0,CUTHS_STOCKS,28600
97,0,95,1,HATFIELD_STOCKS,28700
92,0,90,0,COLLINGWOOD_STOCKS,28700
198,3,196,0,CHADS_STOCKS,28700
99,0,95,0,JOHNS_STOCKS,28700
206,3,200,12,CASTLE_STOCKS,28700
142,1,140,0,CUTHS_STOCKS,28700
96,3,92,1,HATFIELD_STOCKS,28800
91,0,89,0,COLLINGWOOD_STOCKS,28800
199,2,195,3,CHADS_STOCKS,28800
99,1,95,0,JOHNS_STOCKS,28800
206,0,200,0,CASTLE_STOCKS,28800
142,4,138,2,CUTHS_STOCKS,28800
96,2,92,2,HATFIELD_STOCKS,28900
93,0,89,0,COLLINGWOOD_STOCKS,28900
198,2,196,0,CHADS_STOCKS,28900
99,2,97,3,JOHNS_STOCKS,28900
207,0,199,3,CASTLE_STOCKS,28900
141,0,137,1,CUTHS_STOCKS,28900
97,0,93,0,HATFIELD_STOCKS,29000
93,1,89,0,COLLINGWOOD_STOCKS,29000
201,2,197,0,CHADS_STOCKS,29000
100,0,98,0,JOHNS_STOCKS,29000
208,0,200,8,CASTLE_STOCKS,29000
141,0,137,0,CUTHS_STOCKS,29000
97,1,93,0,HATFIELD_STOCKS,29100
93,2,89,0,COLLINGWOOD_STOCKS,29100
202,2,200,4,CHADS_STOCKS,29100
102,0,98,0,JOHNS_STOCKS,29100
208,4,200,5,CASTLE_STOCKS,29100
141,0,137,0,CUTHS_STOCKS,29100
97,1,93,0,HATFIELD_STOCKS,29200
93,1,89,0,COLLINGWOOD_STOCKS,29200
204,0,200,0,CHADS_STOCKS,29200
103,0,99,0,JOHNS_STOCKS,29200
208,0,200,5,CASTLE_STOCKS,29200
141,0,137,0,CUTHS_STOCKS,29200
99,0,95,1,HATFIELD_STOCKS,29300
95,2,91,3,COLLINGWOOD_STOCKS,29300
204,1,202,0,CHADS_STOCKS,29300
101,1,99,2,JOHNS_STOCKS,29300
207,4,199,1,CASTLE_STOCKS,29300
139,2,137,1,CUTHS_STOCKS,29300
98,0,96,1,HATFIELD_STOCKS,29400
96,2,92,4,COLLINGWOOD_STOCKS,29400
204,1,202,1,CHADS_STOCKS,29400
100,2,98,3,JOHNS_STOCKS,29400
208,1,200,1,CASTLE_STOCKS,29400
141,0,137,2,CUTHS_STOCKS,29400
99,4,95,2,HATFIELD_STOCKS,29500
95,2,91,0,COLLINGWOOD_STOCKS,29500
205,0,201,2,CHADS_STOCKS,29500
101,0,97,2,JOHNS_STOCKS,29500
207,2,199,8,CASTLE_STOCKS,29500
140,1,138,1,CUTHS_STOCKS,29500
98,1,96,0,HATFIELD_STOCKS,29600
94,0,92,0,COLLINGWOOD_STOCKS,29600
203,0,201,1,CHADS_STOCKS,29600
100,0,98,3,JOHNS_STOCKS,29600
207,0,201,0,CASTLE_STOCKS,29600
141,1,137,0,CUTHS_STOCKS,29600
100,1,96,0,HATFIELD_STOCKS,29700
95,0,91,0,COLLINGWOOD_STOCKS,29700
204,0,202,0,CHADS_STOCKS,29700
102,0,98,0,JOHNS_STOCKS,29700
208,0,200,1,CASTLE_STOCKS,29700
141,0,137,2,CUTHS_STOCKS,29700
100,0,96,2,HATFIELD_STOCKS,29800
94,1,92,1,COLLINGWOOD_STOCKS,29800
206,1,202,1,CHADS_STOCKS,29800
103,1,99,0,JOHNS_STOCKS,29800
207,9,201,7,CASTLE_STOCKS,29800
141,0,137,0,CUTHS_STOCKS,29800
100,0,96,0,HATFIELD_STOCKS,29900
94,1,90,1,COLLINGWOOD_STOCKS,29900
208,1,204,1,CHADS_STOCKS,29900
103,0,101,2,JOHNS_STOCKS,29900
208,2,200,3,CASTLE_STOCKS,29900
141,3,139,1,CUTHS_STOCKS,29900
100,0,96,0,HATFIELD_STOCKS,30000
95,0,91,0,COLLINGWOOD_STOCKS,30000
206,0,204,0,CHADS_STOCKS,30000
105,0,101,0,JOHNS_STOCKS,30000
208,11,200,7,CASTLE_STOCKS,30000
140,0,138,0,CUTHS_STOCKS,30000
99,4,97,0,HATFIELD_STOCKS,30100
94,1,92,3,COLLINGWOOD_STOCKS,30100
204,0,202,0,CHADS_STOCKS,30100
106,1,102,4,JOHNS_STOCKS,30100
207,0,199,1,CASTLE_STOCKS,30100
142,1,138,0,CUTHS_STOCKS,30100
101,3,97,1,HATFIELD_STOCKS,30200
95,0,91,0,COLLINGWOOD_STOCKS,30200
207,1,203,2,CHADS_STOCKS,30200
107,1,103,4,JOHNS_STOCKS,30200
207,6,199,3,CASTLE_STOCKS,30200
140,0,136,0,CUTHS_STOCKS,30200
100,1,98,0,HATFIELD_STOCKS,30300
95,0,93,0,COLLINGWOOD_STOCKS,30300
207,0,205,0,CHADS_STOCKS,30300
107,4,103,3,JOHNS_STOCKS,30300
207,1,199,11,CASTLE_STOCKS,30300
140,0,136,0,CUTHS_STOCKS,30300
101,0,97,0,HATFIELD_STOCKS,30400
96,0,92,1,COLLINGWOOD_STOCKS,30400
208,0,204,0,CHADS_STOCKS,30400
105,1,101,4,JOHNS_STOCKS,30400
206,4,198,13,CASTLE_STOCKS,30400
140,1,138,1,CUTHS_STOCKS,30400
100,0,96,0,HATFIELD_STOCKS,30500
94,1,92,3,COLLINGWOOD_STOCKS,30500
209,1,207,3,CHADS_STOCKS,30500
106,0,102,2,JOHNS_STOCKS,30500
206,1,200,2,CASTLE_STOCKS,30500
141,1,137,1,CUTHS_STOCKS,30500
99,2,95,3,HATFIELD_STOCKS,30600
94,3,92,2,COLLINGWOOD_STOCKS,30600
210,3,206,2,CHADS_STOCKS,30600
107,0,103,0,JOHNS_STOCKS,30600
207,0,199,0,CASTLE_STOCKS,30600
141,0,137,2,CUTHS_STOCKS,30600
98,0,94,0,HATFIELD_STOCKS,30700
93,0,89,1,COLLINGWOOD_STOCKS,30700
208,0,206,0,CHADS_STOCKS,30700
104,1,100,0,JOHNS_STOCKS,30700
206,5,198,2,CASTLE_STOCKS,30700
141,0,137,0,CUTHS_STOCKS,30700
97,0,95,0,HATFIELD_STOCKS,30800
93,0,89,0,COLLINGWOOD_STOCKS,30800
211,2,207,0,CHADS_STOCKS,30800
103,0,101,0,JOHNS_STOCKS,30800
205,5,199,2,CASTLE_STOCKS,30800
140,0,136,0,CUTHS_STOCKS,30800
98,1,96,0,HATFIELD_STOCKS,30900
94,0,90,0,COLLINGWOOD_STOCKS,30900
210,0,206,0,CHADS_STOCKS,30900
104,0,102,0,JOHNS_STOCKS,30900
206,1,198,3,CASTLE_STOCKS,30900
141,0,137,1,CUTHS_STOCKS,30900
98,0,94,0,HATFIELD_STOCKS,31000
94,0,90,0,COLLINGWOOD_STOCKS,31000
209,0,205,0,CHADS_STOCKS,31000
101,0,97,0,JOHNS_STOCKS,31000
206,12,198,2,CASTLE_STOCKS,31000
141,0,137,0,CUTHS_STOCKS,31000
98,1,94,2,HATFIELD_STOCKS,31100
92,0,90,0,COLLINGWOOD_STOCKS,31100
208,2,206,2,CHADS_STOCKS,31100
101,3,99,3,JOHNS_STOCKS,31100
206,6,198,6,CASTLE_STOCKS,31100
140,0,138,0,CUTHS_STOCKS,31100
97,1,93,1,HATFIELD_STOCKS,31200
92,0,90,0,COLLINGWOOD_STOCKS,31200
210,0,206,1,CHADS_STOCKS,31200
101,3,97,3,JOHNS_STOCKS,31200
206,3,198,0,CASTLE_STOCKS,31200
141,2,139,2,CUTHS_STOCKS,31200
95,1,93,2,HATFIELD_STOCKS,31300
92,0,88,0,COLLINGWOOD_STOCKS,31300
210,1,206,0,CHADS_STOCKS,31300
101,1,97,0,JOHNS_STOCKS,31300
205,0,199,0,CASTLE_STOCKS,31300
141,1,137,3,CUTHS_STOCKS,31300
94,0,92,1,HATFIELD_STOCKS,31400
92,3,88,1,COLLINGWOOD_STOCKS,31400
209,0,207,0,CHADS_STOCKS,31400
99,0,97,0,JOHNS_STOCKS,31400
205,1,197,2,CASTLE_STOCKS,31400
141,0,137,0,CUTHS_STOCKS,31400
96,2,92,0,HATFIELD_STOCKS,31500
92,0,88,1,COLLINGWOOD_STOCKS,31500
210,2,208,2,CHADS_STOCKS,31500
98,0,94,0,JOHNS_STOCKS,31500
205,5,197,4,CASTLE_STOCKS,31500
142,0,138,0,CUTHS_STOCKS,31500
96,0,92,0,HATFIELD_STOCKS,31600
92,0,88,0,COLLINGWOOD_STOCKS,31600
210,3,208,0,CHADS_STOCKS,31600
99,1,95,1,JOHNS_STOCKS,31600
204,1,198,2,CASTLE_STOCKS,31600
141,0,139,0,CUTHS_STOCKS,31600
94,1,90,1,HATFIELD_STOCKS,31700
89,0,87,0,COLLINGWOOD_STOCKS,31700
210,0,206,0,CHADS_STOCKS,31700
99,0,95,0,JOHNS_STOCKS,31700
205,1,197,4,CASTLE_STOCKS,31700
142,1,138,0,CUTHS_STOCKS,31700
93,0,89,0,HATFIELD_STOCKS,31800
89,0,85,0,COLLINGWOOD_STOCKS,31800
208,1,204,0,CHADS_STOCKS,31800
100,0,96,0,JOHNS_STOCKS,31800
205,0,197,1,CASTLE_STOCKS,31800
142,0,140,0,CUTHS_STOCKS,31800
92,0,88,0,HATFIELD_STOCKS,31900
89,2,85,1,COLLINGWOOD_STOCKS,31900
210,0,206,0,CHADS_STOCKS,31900
100,0,98,0,JOHNS_STOCKS,31900
205,1,197,0,CASTLE_STOCKS,31900
142,0,138,0,CUTHS_STOCKS,31900
90,0,88,0,HATFIELD_STOCKS,32000
88,0,84,0,COLLINGWOOD_STOCKS,32000
210,3,206,0,CHADS_STOCKS,32000
99,2,97,0,JOHNS_STOCKS,32000
204,5,198,6,CASTLE_STOCKS,32000
141,3,137,2,CUTHS_STOCKS,32000
92,3,88,0,HATFIELD_STOCKS,32100
89,3,85,1,COLLINGWOOD_STOCKS,32100
209,0,205,0,CHADS_STOCKS,32100
98,2,96,0,JOHNS_STOCKS,32100
205,3,197,2,CASTLE_STOCKS,32100
140,2,138,0,CUTHS_STOCKS,32100
93,0,89,2,HATFIELD_STOCKS,32200
89,1,85,4,COLLINGWOOD_STOCKS,32200
208,3,206,0,CHADS_STOCKS,32200
100,1,96,3,JOHNS_STOCKS,32200
204,0,196,0,CASTLE_STOCKS,32200
139,2,135,2,CUTHS_STOCKS,32200
94,0,90,0,HATFIELD_STOCKS,32300
89,0,85,0,COLLINGWOOD_STOCKS,32300
208,0,204,0,CHADS_STOCKS,32300
99,3,95,0,JOHNS_STOCKS,32300
204,1,196,9,CASTLE_STOCKS,32300
139,0,135,1,CUTHS_STOCKS,32300
94,2,90,2,HATFIELD_STOCKS,32400
90,0,86,0,COLLINGWOOD_STOCKS,32400
207,0,203,0,CHADS_STOCKS,32400
100,0,96,0,JOHNS_STOCKS,32400
205,0,197,4,CASTLE_STOCKS,32400
139,0,137,1,CUTHS_STOCKS,32400
94,0,90,3,HATFIELD_STOCKS,32500
90,1,86,2,COLLINGWOOD_STOCKS,32500
209,0,205,0,CHADS_STOCKS,32500
99,2,97,0,JOHNS_STOCKS,32500
205,0,197,2,CASTLE_STOCKS,32500
139,1,135,2,CUTHS_STOCKS,32500
93,2,89,0,HATFIELD_STOCKS,32600
90,2,86,0,COLLINGWOOD_STOCKS,32600
209,3,205,1,CHADS_STOCKS,32600
100,1,96,0,JOHNS_STOCKS,32600
204,0,198,0,CASTLE_STOCKS,32600
139,0,137,2,CUTHS_STOCKS,32600
93,1,91,0,HATFIELD_STOCKS,32700
88,0,86,0,COLLINGWOOD_STOCKS,32700
210,3,206,0,CHADS_STOCKS,32700
99,1,95,1,JOHNS_STOCKS,32700
205,3,197,8,CASTLE_STOCKS,32700
138,0,136,0,CUTHS_STOCKS,32700
93,2,89,3,HATFIELD_STOCKS,32800
88,1,84,1,COLLINGWOOD_STOCKS,32800
210,0,206,0,CHADS_STOCKS,32800
101,0,97,1,JOHNS_STOCKS,32800
204,1,198,1,CASTLE_STOCKS,32800
138,2,136,2,CUTHS_STOCKS,32800
93,3,89,0,HATFIELD_STOCKS,32900
88,0,84,0,COLLINGWOOD_STOCKS,32900
212,0,208,0,CHADS_STOCKS,32900
101,0,99,0,JOHNS_STOCKS,32900
205,12,197,4,CASTLE_STOCKS,32900
138,0,136,0,CUTHS_STOCKS,32900
93,0,89,0,HATFIELD_STOCKS,33000
87,1,85,3,COLLINGWOOD_STOCKS,33000
212,0,208,0,CHADS_STOCKS,33000
101,2,99,0,JOHNS_STOCKS,33000
204,1,198,4,CASTLE_STOCKS,33000
139,0,135,2,CUTHS_STOCKS,33000
92,0,90,0,HATFIELD_STOCKS,33100
88,0,84,0,COLLINGWOOD_STOCKS,33100
214,0,210,0,CHADS_STOCKS,33100
103,2,99,0,JOHNS_STOCKS,33100
204,1,198,1,CASTLE_STOCKS,33100
136,0,134,0,CUTHS_STOCKS,33100
94,4,90,3,HATFIELD_STOCKS,33200
87,2,85,0,COLLINGWOOD_STOCKS,33200
212,0,208,0,CHADS_STOCKS,33200
105,1,101,0,JOHNS_STOCKS,33200
205,1,197,3,CASTLE_STOCKS,33200
139,1,135,0,CUTHS_STOCKS,33200
94,0,90,2,HATFIELD_STOCKS,33300
88,0,86,0,COLLINGWOOD_STOCKS,33300
212,1,208,2,CHADS_STOCKS,33300
105,3,103,2,JOHNS_STOCKS,33300
205,2,197,4,CASTLE_STOCKS,33300
140,0,136,0,CUTHS_STOCKS,33300
95,0,91,0,HATFIELD_STOCKS,33400
89,0,85,0,COLLINGWOOD_STOCKS,33400
211,3,207,0,CHADS_STOCKS,33400
104,0,100,1,JOHNS_STOCKS,33400
205,1,197,1,CASTLE_STOCKS,33400
140,0,136,0,CUTHS_STOCKS,33400
95,0,91,1,HATFIELD_STOCKS,33500
88,0,84,0,COLLINGWOOD_STOCKS,33500
210,3,206,1,CHADS_STOCKS,33500
102,0,100,0,JOHNS_STOCKS,33500
205,2,197,4,CASTLE_STOCKS,33500
138,2,136,2,CUTHS_STOCKS,33500
95,0,91,0,HATFIELD_STOCKS,33600
88,1,86,4,COLLINGWOOD_STOCKS,33600
207,0,205,2,CHADS_STOCKS,33600
105,4,101,1,JOHNS_STOCKS,33600
205,3,197,2,CASTLE_STOCKS,33600
138,2,136,0,CUTHS_STOCKS,33600
96,1,92,1,HATFIELD_STOCKS,33700
90,0,86,0,COLLINGWOOD_STOCKS,33700
209,4,205,3,CHADS_STOCKS,33700
105,3,103,2,JOHNS_STOCKS,33700
205,3,197,1,CASTLE_STOCKS,33700
138,0,134,3,CUTHS_STOCKS,33700
95,2,91,0,HATFIELD_STOCKS,33800
89,0,85,0,COLLINGWOOD_STOCKS,33800
210,0,206,0,CHADS_STOCKS,33800
105,1,103,1,JOHNS_STOCKS,33800
205,5,197,4,CASTLE_STOCKS,33800
137,0,135,0,CUTHS_STOCKS,33800
93,0,91,0,HATFIELD_STOCKS,33900
87,1,85,2,COLLINGWOOD_STOCKS,33900
212,0,210,3,CHADS_STOCKS,33900
107,1,103,0,JOHNS_STOCKS,33900
206,9,198,6,CASTLE_STOCKS,33900
138,2,136,2,CUTHS_STOCKS,33900
93,1,89,1,HATFIELD_STOCKS,34000
88,0,84,2,COLLINGWOOD_STOCKS,34000
210,1,206,0,CHADS_STOCKS,34000
105,0,101,0,JOHNS_STOCKS,34000
205,1,197,1,CASTLE_STOCKS,34000
139,0,135,0,CUTHS_STOCKS,34000
93,2,89,4,HATFIELD_STOCKS,34100
87,0,83,0,COLLINGWOOD_STOCKS,34100
209,0,207,2,CHADS_STOCKS,34100
104,1,102,1,JOHNS_STOCKS,34100
205,0,197,0,CASTLE_STOCKS,34100
138,0,136,1,CUTHS_STOCKS,34100
93,0,89,0,HATFIELD_STOCKS,34200
87,0,83,0,COLLINGWOOD_STOCKS,34200
209,0,207,3,CHADS_STOCKS,34200
105,0,101,1,JOHNS_STOCKS,34200
204,4,198,3,CASTLE_STOCKS,34200
139,3,135,3,CUTHS_STOCKS,34200
91,4,89,2,HATFIELD_STOCKS,34300
86,0,82,0,COLLINGWOOD_STOCKS,34300
210,0,206,1,CHADS_STOCKS,34300
104,0,100,0,JOHNS_STOCKS,34300
204,0,198,4,CASTLE_STOCKS,34300
139,2,135,0,CUTHS_STOCKS,34300
92,0,90,0,HATFIELD_STOCKS,34400
85,0,83,0,COLLINGWOOD_STOCKS,34400
210,0,206,1,CHADS_STOCKS,34400
105,2,101,0,JOHNS_STOCKS,34400
205,0,197,4,CASTLE_STOCKS,34400
138,0,136,0,CUTHS_STOCKS,34400
91,0,89,1,HATFIELD_STOCKS,34500
85,1,83,0,COLLINGWOOD_STOCKS,34500
210,0,206,0,CHADS_STOCKS,34500
106,0,102,0,JOHNS_STOCKS,34500
205,0,197,0,CASTLE_STOCKS,34500
139,0,135,0,CUTHS_STOCKS,34500
91,2,89,0,HATFIELD_STOCKS,34600
86,3,82,3,COLLINGWOOD_STOCKS,34600
209,1,205,0,CHADS_STOCKS,34600
106,0,102,0,JOHNS_STOCKS,34600
205,3,197,1,CASTLE_STOCKS,34600
138,0,136,1,CUTHS_STOCKS,34600
91,0,87,0,HATFIELD_STOCKS,34700
85,0,81,0,COLLINGWOOD_STOCKS,34700
211,1,207,1,CHADS_STOCKS,34700
106,0,104,0,JOHNS_STOCKS,34700
205,8,197,6,CASTLE_STOCKS,34700
137,0,135,2,CUTHS_STOCKS,34700
90,0,88,0,HATFIELD_STOCKS,34800
85,0,81,3,COLLINGWOOD_STOCKS,34800
209,1,207,2,CHADS_STOCKS,34800
104,4,102,4,JOHNS_STOCKS,34800
204,0,198,1,CASTLE_STOCKS,34800
137,3,133,0,CUTHS_STOCKS,34800
91,0,89,1,HATFIELD_STOCKS,34900
86,3,82,4,COLLINGWOOD_STOCKS,34900
209,1,205,0,CHADS_STOCKS,34900
103,1,99,1,JOHNS_STOCKS,34900
205,0,197,0,CASTLE_STOCKS,34900
136,0,134,0,CUTHS_STOCKS,34900
91,0,89,0,HATFIELD_STOCKS,35000
87,1,83,0,COLLINGWOOD_STOCKS,35000
208,0,206,2,CHADS_STOCKS,35000
103,0,99,0,JOHNS_STOCKS,35000
205,0,197,6,CASTLE_STOCKS,35000
135,1,133,1,CUTHS_STOCKS,35000
92,2,88,0,HATFIELD_STOCKS,35100
87,0,83,0,COLLINGWOOD_STOCKS,35100
209,1,205,2,CHADS_STOCKS,35100
102,4,100,0,JOHNS_STOCKS,35100
205,0,197,0,CASTLE_STOCKS,35100
136,2,132,0,CUTHS_STOCKS,35100
91,0,89,1,HATFIELD_STOCKS,35200
86,0,84,0,COLLINGWOOD_STOCKS,35200
206,1,202,1,CHADS_STOCKS,35200
101,4,99,1,JOHNS_STOCKS,35200
205,0,197,1,CASTLE_STOCKS,35200
137,0,133,2,CUTHS_STOCKS,35200
92,0,88,0,HATFIELD_STOCKS,35300
87,0,83,0,COLLINGWOOD_STOCKS,35300
204,0,200,0,CHADS_STOCKS,35300
101,1,99,1,JOHNS_STOCKS,35300
204,0,198,3,CASTLE_STOCKS,35300
136,0,132,0,CUTHS_STOCKS,35300
92,4,88,4,HATFIELD_STOCKS,35400
87,2,83,0,COLLINGWOOD_STOCKS,35400
204,0,202,0,CHADS_STOCKS,35400
100,0,96,0,JOHNS_STOCKS,35400
205,10,197,10,CASTLE_STOCKS,35400
136,0,132,0,CUTHS_STOCKS,35400
93,1,89,0,HATFIELD_STOCKS,35500
88,4,84,1,COLLINGWOOD_STOCKS,35500
206,0,202,0,CHADS_STOCKS,35500
101,2,97,1,JOHNS_STOCKS,35500
204,0,198,0,CASTLE_STOCKS,35500
136,0,132,4,CUTHS_STOCKS,35500
92,1,90,0,HATFIELD_STOCKS,35600
87,0,85,4,COLLINGWOOD_STOCKS,35600
204,2,200,0,CHADS_STOCKS,35600
101,0,97,0,JOHNS_STOCKS,35600
205,0,197,1,CASTLE_STOCKS,35600
137,0,133,0,CUTHS_STOCKS,35600
92,1,88,1,HATFIELD_STOCKS,35700
87,2,85,3,COLLINGWOOD_STOCKS,35700
204,3,200,1,CHADS_STOCKS,35700
102,1,98,3,JOHNS_STOCKS,35700
206,0,198,0,CASTLE_STOCKS,35700
137,0,133,0,CUTHS_STOCKS,35700
93,1,89,0,HATFIELD_STOCKS,35800
89,4,85,3,COLLINGWOOD_STOCKS,35800
203,0,201,0,CHADS_STOCKS,35800
102,0,100,0,JOHNS_STOCKS,35800
206,0,198,0,CASTLE_STOCKS,35800
136,0,132,0,CUTHS_STOCKS,35800
94,1,90,3,HATFIELD_STOCKS,35900
90,0,86,0,COLLINGWOOD_STOCKS,35900
204,0,200,0,CHADS_STOCKS,35900
104,2,100,3,JOHNS_STOCKS,35900
206,0,198,0,CASTLE_STOCKS,35900
137,0,133,0,CUTHS_STOCKS,35900
94,2,90,1,HATFIELD_STOCKS,36000
91,0,87,0,COLLINGWOOD_STOCKS,36000
205,0,201,2,CHADS_STOCKS,36000
107,1,103,1,JOHNS_STOCKS,36000
206,1,198,0,CASTLE_STOCKS,36000
137,2,133,1,CUTHS_STOCKS,36000
94,2,90,1,HATFIELD_STOCKS,36100
91,0,87,0,COLLINGWOOD_STOCKS,36100
206,1,204,2,CHADS_STOCKS,36100
105,0,101,1,JOHNS_STOCKS,36100
206,6,198,3,CASTLE_STOCKS,36100
138,2,134,0,CUTHS_STOCKS,36100
93,3,91,2,HATFIELD_STOCKS,36200
91,0,87,3,COLLINGWOOD_STOCKS,36200
204,0,202,0,CHADS_STOCKS,36200
104,0,100,1,JOHNS_STOCKS,36200
205,2,199,2,CASTLE_STOCKS,36200
138,0,134,0,CUTHS_STOCKS,36200
95,1,91,0,HATFIELD_STOCKS,36300
91,1,89,0,COLLINGWOOD_STOCKS,36300
207,0,203,0,CHADS_STOCKS,36300
104,1,100,1,JOHNS_STOCKS,36300
206,5,200,6,CASTLE_STOCKS,36300
138,1,134,1,CUTHS_STOCKS,36300
96,3,92,0,HATFIELD_STOCKS,36400
91,0,89,0,COLLINGWOOD_STOCKS,36400
206,0,202,2,CHADS_STOCKS,36400
104,0,100,2,JOHNS_STOCKS,36400
207,1,199,5,CASTLE_STOCKS,36400
138,0,134,1,CUTHS_STOCKS,36400
96,0,94,0,HATFIELD_STOCKS,36500
93,0,89,0,COLLINGWOOD_STOCKS,36500
208,4,204,3,CHADS_STOCKS,36500
104,0,100,0,JOHNS_STOCKS,36500
207,3,199,0,CASTLE_STOCKS,36500
137,3,135,3,CUTHS_STOCKS,36500
96,0,94,0,HATFIELD_STOCKS,36600
92,1,88,1,COLLINGWOOD_STOCKS,36600
208,0,204,2,CHADS_STOCKS,36600
105,4,101,3,JOHNS_STOCKS,36600
206,3,200,7,CASTLE_STOCKS,36600
138,0,134,0,CUTHS_STOCKS,36600
98,1,94,0,HATFIELD_STOCKS,36700
92,0,88,0,COLLINGWOOD_STOCKS,36700
207,0,205,0,CHADS_STOCKS,36700
106,0,102,0,JOHNS_STOCKS,36700
206,1,200,1,CASTLE_STOCKS,36700
137,1,133,0,CUTHS_STOCKS,36700
97,0,95,1,HATFIELD_STOCKS,36800
92,0,88,0,COLLINGWOOD_STOCKS,36800
207,1,205,0,CHADS_STOCKS,36800
107,0,103,0,JOHNS_STOCKS,36800
206,2,198,7,CASTLE_STOCKS,36800
136,0,132,0,CUTHS_STOCKS,36800
97,0,93,0,HATFIELD_STOCKS,36900
92,2,88,2,COLLINGWOOD_STOCKS,36900
211,0,207,0,CHADS_STOCKS,36900
104,1,100,1,JOHNS_STOCKS,36900
206,2,198,2,CASTLE_STOCKS,36900
136,3,132,1,CUTHS_STOCKS,36900
97,4,95,2,HATFIELD_STOCKS,37000
92,3,88,0,COLLINGWOOD_STOCKS,37000
210,0,206,0,CHADS_STOCKS,37000
104,0,102,0,JOHNS_STOCKS,37000
206,3,198,7,CASTLE_STOCKS,37000
135,0,133,0,CUTHS_STOCKS,37000
97,3,95,1,HATFIELD_STOCKS,37100
90,0,88,0,COLLINGWOOD_STOCKS,37100
210,3,206,1,CHADS_STOCKS,37100
102,1,100,0,JOHNS_STOCKS,37100
206,1,198,3,CASTLE_STOCKS,37100
136,2,132,1,CUTHS_STOCKS,37100
97,0,95,3,HATFIELD_STOCKS,37200
91,0,87,1,COLLINGWOOD_STOCKS,37200
209,0,205,0,CHADS_STOCKS,37200
102,0,98,0,JOHNS_STOCKS,37200
206,0,198,0,CASTLE_STOCKS,37200
135,0,131,0,CUTHS_STOCKS,37200
98,1,94,2,HATFIELD_STOCKS,37300
92,0,88,1,COLLINGWOOD_STOCKS,37300
208,0,204,2,CHADS_STOCKS,37300
103,0,99,0,JOHNS_STOCKS,37300
206,2,198,3,CASTLE_STOCKS,37300
135,1,131,4,CUTHS_STOCKS,37300
99,2,95,2,HATFIELD_STOCKS,37400
91,0,89,0,COLLINGWOOD_STOCKS,37400
208,0,206,0,CHADS_STOCKS,37400
100,0,98,0,JOHNS_STOCKS,37400
204,0,198,1,CASTLE_STOCKS,37400
133,3,131,2,CUTHS_STOCKS,37400
99,0,95,0,HATFIELD_STOCKS,37500
92,1,90,1,COLLINGWOOD_STOCKS,37500
209,1,205,1,CHADS_STOCKS,37500
101,0,97,1,JOHNS_STOCKS,37500
205,0,197,2,CASTLE_STOCKS,37500
134,0,130,0,CUTHS_STOCKS,37500
100,1,96,2,HATFIELD_STOCKS,37600
93,0,91,0,COLLINGWOOD_STOCKS,37600
209,0,205,0,CHADS_STOCKS,37600
101,0,97,0,JOHNS_STOCKS,37600
205,6,197,9,CASTLE_STOCKS,37600
133,3,131,3,CUTHS_STOCKS,37600
99,1,95,1,HATFIELD_STOCKS,37700
93,0,89,3,COLLINGWOOD_STOCKS,37700
208,0,204,0,CHADS_STOCKS,37700
100,0,96,0,JOHNS_STOCKS,37700
204,4,198,0,CASTLE_STOCKS,37700
134,0,130,0,CUTHS_STOCKS,37700
99,1,95,0,HATFIELD_STOCKS,37800
94,0,90,4,COLLINGWOOD_STOCKS,37800
208,1,206,1,CHADS_STOCKS,37800
101,0,97,0,JOHNS_STOCKS,37800
204,0,198,2,CASTLE_STOCKS,37800
135,3,131,0,CUTHS_STOCKS,37800
99,2,95,1,HATFIELD_STOCKS,37900
93,0,91,1,COLLINGWOOD_STOCKS,37900
207,0,203,0,CHADS_STOCKS,37900
101,3,97,2,JOHNS_STOCKS,37900
204,6,198,4,CASTLE_STOCKS,37900
134,1,132,2,CUTHS_STOCKS,37900
98,1,94,1,HATFIELD_STOCKS,38000
93,0,89,0,COLLINGWOOD_STOCKS,38000
208,2,204,2,CHADS_STOCKS,38000
104,1,102,0,JOHNS_STOCKS,38000
204,0,198,3,CASTLE_STOCKS,38000
134,1,132,1,CUTHS_STOCKS,38000
97,0,93,0,HATFIELD_STOCKS,38100
92,2,88,0,COLLINGWOOD_STOCKS,38100
210,0,206,0,CHADS_STOCKS,38100
105,0,101,0,JOHNS_STOCKS,38100
204,1,196,1,CASTLE_STOCKS,38100
133,0,131,0,CUTHS_STOCKS,38100
97,0,93,0,HATFIELD_STOCKS,38200
93,1,89,1,COLLINGWOOD_STOCKS,38200
209,0,205,1,CHADS_STOCKS,38200
105,0,101,0,JOHNS_STOCKS,38200
204,0,196,0,CASTLE_STOCKS,38200
133,1,131,1,CUTHS_STOCKS,38200
97,0,93,1,HATFIELD_STOCKS,38300
93,0,91,0,COLLINGWOOD_STOCKS,38300
208,0,206,0,CHADS_STOCKS,38300
105,0,101,0,JOHNS_STOCKS,38300
203,2,195,2,CASTLE_STOCKS,38300
133,0,131,0,CUTHS_STOCKS,38300
97,0,93,0,HATFIELD_STOCKS,38400
91,0,89,0,COLLINGWOOD_STOCKS,38400
209,0,205,0,CHADS_STOCKS,38400
106,0,102,0,JOHNS_STOCKS,38400
202,0,196,1,CASTLE_STOCKS,38400
134,0,132,2,CUTHS_STOCKS,38400
97,1,95,2,HATFIELD_STOCKS,38500
92,1,90,2,COLLINGWOOD_STOCKS,38500
211,3,207,1,CHADS_STOCKS,38500
105,0,101,0,JOHNS_STOCKS,38500
204,9,196,12,CASTLE_STOCKS,38500
135,1,131,3,CUTHS_STOCKS,38500
97,1,95,1,HATFIELD_STOCKS,38600
93,2,89,1,COLLINGWOOD_STOCKS,38600
210,0,206,0,CHADS_STOCKS,38600
103,0,101,0,JOHNS_STOCKS,38600
203,0,197,5,CASTLE_STOCKS,38600
135,3,131,3,CUTHS_STOCKS,38600
98,4,94,3,HATFIELD_STOCKS,38700
92,0,88,0,COLLINGWOOD_STOCKS,38700
213,4,209,2,CHADS_STOCKS,38700
103,1,101,0,JOHNS_STOCKS,38700
204,2,196,0,CASTLE_STOCKS,38700
135,2,131,1,CUTHS_STOCKS,38700
98,2,94,4,HATFIELD_STOCKS,38800
93,2,89,1,COLLINGWOOD_STOCKS,38800
215,0,211,0,CHADS_STOCKS,38800
104,1,102,1,JOHNS_STOCKS,38800
204,2,196,0,CASTLE_STOCKS,38800
135,0,131,2,CUTHS_STOCKS,38800
97,0,93,0,HATFIELD_STOCKS,38900
92,0,88,0,COLLINGWOOD_STOCKS,38900
215,0,213,0,CHADS_STOCKS,38900
105,0,101,0,JOHNS_STOCKS,38900
204,5,196,4,CASTLE_STOCKS,38900
136,1,132,1,CUTHS_STOCKS,38900
97,0,93,0,HATFIELD_STOCKS,39000
91,0,87,2,COLLINGWOOD_STOCKS,39000
216,0,214,0,CHADS_STOCKS,39000
104,0,100,0,JOHNS_STOCKS,39000
204,1,196,2,CASTLE_STOCKS,39000
136,0,134,0,CUTHS_STOCKS,39000
97,0,93,0,HATFIELD_STOCKS,39100
91,2,89,2,COLLINGWOOD_STOCKS,39100
217,0,213,0,CHADS_STOCKS,39100
103,0,101,0,JOHNS_STOCKS,39100
204,1,196,2,CASTLE_STOCKS,39100
136,1,134,1,CUTHS_STOCKS,39100
96,0,92,2,HATFIELD_STOCKS,39200
91,1,89,0,COLLINGWOOD_STOCKS,39200
217,3,215,2,CHADS_STOCKS,39200
105,0,101,0,JOHNS_STOCKS,39200
204,0,196,0,CASTLE_STOCKS,39200
137,0,133,2,CUTHS_STOCKS,39200
96,0,92,0,HATFIELD_STOCKS,39300
92,0,88,0,COLLINGWOOD_STOCKS,39300
216,0,214,0,CHADS_STOCKS,39300
104,2,100,1,JOHNS_STOCKS,39300
204,3,196,1,CASTLE_STOCKS,39300
137,1,133,2,CUTHS_STOCKS,39300
97,1,93,2,HATFIELD_STOCKS,39400
93,1,89,1,COLLINGWOOD_STOCKS,39400
219,0,215,0,CHADS_STOCKS,39400
103,0,101,1,JOHNS_STOCKS,39400
203,0,197,0,CASTLE_STOCKS,39400
136,0,134,1,CUTHS_STOCKS,39400
98,4,94,0,HATFIELD_STOCKS,39500
93,0,89,0,COLLINGWOOD_STOCKS,39500
218,1,214,1,CHADS_STOCKS,39500
104,0,100,0,JOHNS_STOCKS,39500
204,0,196,1,CASTLE_STOCKS,39500
137,2,135,2,CUTHS_STOCKS,39500
98,2,94,1,HATFIELD_STOCKS,39600
93,0,91,0,COLLINGWOOD_STOCKS,39600
218,3,214,0,CHADS_STOCKS,39600
101,4,99,2,JOHNS_STOCKS,39600
204,0,196,0,CASTLE_STOCKS,39600
137,1,135,2,CUTHS_STOCKS,39600
97,0,95,1,HATFIELD_STOCKS,39700
93,1,91,1,COLLINGWOOD_STOCKS,39700
218,1,214,1,CHADS_STOCKS,39700
101,0,99,0,JOHNS_STOCKS,39700
203,3,197,1,CASTLE_STOCKS,39700
138,3,134,3,CUTHS_STOCKS,39700
99,1,95,1,HATFIELD_STOCKS,39800
95,0,91,0,COLLINGWOOD_STOCKS,39800
217,2,213,3,CHADS_STOCKS,39800
101,0,99,0,JOHNS_STOCKS,39800
203,2,197,6,CASTLE_STOCKS,39800
138,0,134,0,CUTHS_STOCKS,39800
98,0,96,0,HATFIELD_STOCKS,39900
94,2,90,1,COLLINGWOOD_STOCKS,39900
217,1,213,0,CHADS_STOCKS,39900
101,0,99,2,JOHNS_STOCKS,39900
203,2,197,3,CASTLE_STOCKS,39900
138,1,136,1,CUTHS_STOCKS,39900
98,0,96,0,HATFIELD_STOCKS,40000
93,0,91,0,COLLINGWOOD_STOCKS,40000
216,1,212,0,CHADS_STOCKS,40000
102,0,98,0,JOHNS_STOCKS,40000
203,1,195,0,CASTLE_STOCKS,40000
138,2,134,3,CUTHS_STOCKS,40000
98,0,94,0,HATFIELD_STOCKS,40100
93,0,89,0,COLLINGWOOD_STOCKS,40100
214,2,210,2,CHADS_STOCKS,40100
102,0,98,0,JOHNS_STOCKS,40100
202,7,196,1,CASTLE_STOCKS,40100
137,3,133,1,CUTHS_STOCKS,40100
97,1,95,0,HATFIELD_STOCKS,40200
92,4,88,2,COLLINGWOOD_STOCKS,40200
215,0,211,2,CHADS_STOCKS,40200
101,1,97,3,JOHNS_STOCKS,40200
203,5,195,4,CASTLE_STOCKS,40200
136,4,134,1,CUTHS_STOCKS,40200
97,0,93,0,HATFIELD_STOCKS,40300
91,2,89,2,COLLINGWOOD_STOCKS,40300
215,3,211,4,CHADS_STOCKS,40300
102,0,98,1,JOHNS_STOCKS,40300
202,2,196,2,CASTLE_STOCKS,40300
137,0,133,0,CUTHS_STOCKS,40300
97,1,93,0,HATFIELD_STOCKS,40400
91,1,87,0,COLLINGWOOD_STOCKS,40400
217,0,213,0,CHADS_STOCKS,40400
103,1,99,1,JOHNS_STOCKS,40400
204,0,196,3,CASTLE_STOCKS,40400
138,0,134,0,CUTHS_STOCKS,40400
96,0,94,0,HATFIELD_STOCKS,40500
90,1,88,1,COLLINGWOOD_STOCKS,40500
216,0,212,0,CHADS_STOCKS,40500
102,0,100,0,JOHNS_STOCKS,40500
203,6,197,5,CASTLE_STOCKS,40500
138,3,134,4,CUTHS_STOCKS,40500
96,0,94,0,HATFIELD_STOCKS,40600
91,0,87,0,COLLINGWOOD_STOCKS,40600
217,1,213,1,CHADS_STOCKS,40600
103,0,101,1,JOHNS_STOCKS,40600
203,0,197,7,CASTLE_STOCKS,40600
138,1,134,1,CUTHS_STOCKS,40600
96,0,92,2,HATFIELD_STOCKS,40700
91,2,87,2,COLLINGWOOD_STOCKS,40700
217,0,215,4,CHADS_STOCKS,40700
105,1,101,0,JOHNS_STOCKS,40700
204,0,196,0,CASTLE_STOCKS,40700
140,0,136,0,CUTHS_STOCKS,40700
96,0,92,0,HATFIELD_STOCKS,40800
91,2,87,1,COLLINGWOOD_STOCKS,40800
219,0,215,0,CHADS_STOCKS,40800
104,0,102,0,JOHNS_STOCKS,40800
203,6,197,1,CASTLE_STOCKS,40800
140,0,136,0,CUTHS_STOCKS,40800
94,1,92,3,HATFIELD_STOCKS,40900
89,2,85,1,COLLINGWOOD_STOCKS,40900
220,0,216,0,CHADS_STOCKS,40900
104,0,102,0,JOHNS_STOCKS,40900
204,6,196,2,CASTLE_STOCKS,40900
140,3,136,2,CUTHS_STOCKS,40900
94,2,92,0,HATFIELD_STOCKS,41000
89,3,85,1,COLLINGWOOD_STOCKS,41000
218,2,214,0,CHADS_STOCKS,41000
102,0,100,2,JOHNS_STOCKS,41000
203,2,195,3,CASTLE_STOCKS,41000
139,0,137,2,CUTHS_STOCKS,41000
94,0,90,0,HATFIELD_STOCKS,41100
88,2,84,3,COLLINGWOOD_STOCKS,41100
217,0,215,0,CHADS_STOCKS,41100
101,3,97,1,JOHNS_STOCKS,41100
203,0,195,0,CASTLE_STOCKS,41100
140,2,136,2,CUTHS_STOCKS,41100
93,0,89,1,HATFIELD_STOCKS,41200
88,1,86,1,COLLINGWOOD_STOCKS,41200
218,3,214,4,CHADS_STOCKS,41200
102,1,100,0,JOHNS_STOCKS,41200
202,2,196,11,CASTLE_STOCKS,41200
139,1,135,3,CUTHS_STOCKS,41200
94,1,90,1,HATFIELD_STOCKS,41300
89,2,87,2,COLLINGWOOD_STOCKS,41300
213,0,211,0,CHADS_STOCKS,41300
102,0,98,0,JOHNS_STOCKS,41300
201,1,195,4,CASTLE_STOCKS,41300
139,0,135,0,CUTHS_STOCKS,41300
93,2,89,0,HATFIELD_STOCKS,41400
90,0,86,2,COLLINGWOOD_STOCKS,41400
214,0,210,0,CHADS_STOCKS,41400
101,2,99,1,JOHNS_STOCKS,41400
203,1,195,0,CASTLE_STOCKS,41400
139,0,135,0,CUTHS_STOCKS,41400
94,3,90,0,HATFIELD_STOCKS,41500
89,0,87,1,COLLINGWOOD_STOCKS,41500
215,0,211,0,CHADS_STOCKS,41500
102,3,98,2,JOHNS_STOCKS,41500
202,6,196,3,CASTLE_STOCKS,41500
138,0,134,0,CUTHS_STOCKS,41500
95,1,91,1,HATFIELD_STOCKS,41600
89,3,87,0,COLLINGWOOD_STOCKS,41600
216,1,212,0,CHADS_STOCKS,41600
102,0,98,0,JOHNS_STOCKS,41600
203,12,197,1,CASTLE_STOCKS,41600
139,1,135,0,CUTHS_STOCKS,41600
95,3,91,1,HATFIELD_STOCKS,41700
90,0,86,0,COLLINGWOOD_STOCKS,41700
215,0,211,2,CHADS_STOCKS,41700
101,0,99,0,JOHNS_STOCKS,41700
204,1,196,0,CASTLE_STOCKS,41700
139,2,135,1,CUTHS_STOCKS,41700
97,3,93,1,HATFIELD_STOCKS,41800
90,0,88,1,COLLINGWOOD_STOCKS,41800
213,2,211,3,CHADS_STOCKS,41800
101,0,97,0,JOHNS_STOCKS,41800
203,0,197,0,CASTLE_STOCKS,41800
139,0,135,0,CUTHS_STOCKS,41800
96,0,92,0,HATFIELD_STOCKS,41900
90,1,88,0,COLLINGWOOD_STOCKS,41900
216,2,212,1,CHADS_STOCKS,41900
101,0,97,0,JOHNS_STOCKS,41900
203,3,197,5,CASTLE_STOCKS,41900
138,1,136,1,CUTHS_STOCKS,41900
97,0,93,0,HATFIELD_STOCKS,42000
92,0,88,0,COLLINGWOOD_STOCKS,42000
217,0,213,0,CHADS_STOCKS,42000
100,2,96,3,JOHNS_STOCKS,42000
205,1,197,2,CASTLE_STOCKS,42000
139,0,135,1,CUTHS_STOCKS,42000
96,1,92,1,HATFIELD_STOCKS,42100
90,0,88,1,COLLINGWOOD_STOCKS,42100
219,0,215,0,CHADS_STOCKS,42100
99,2,97,1,JOHNS_STOCKS,42100
205,1,197,2,CASTLE_STOCKS,42100
140,0,136,0,CUTHS_STOCKS,42100
96,1,92,0,HATFIELD_STOCKS,42200
92,0,88,1,COLLINGWOOD_STOCKS,42200
220,1,216,3,CHADS_STOCKS,42200
101,0,97,0,JOHNS_STOCKS,42200
205,0,197,0,CASTLE_STOCKS,42200
141,3,137,3,CUTHS_STOCKS,42200
97,0,93,1,HATFIELD_STOCKS,42300
92,0,88,0,COLLINGWOOD_STOCKS,42300
221,3,217,0,CHADS_STOCKS,42300
102,0,98,0,JOHNS_STOCKS,42300
205,2,197,4,CASTLE_STOCKS,42300
139,0,135,1,CUTHS_STOCKS,42300
97,0,93,0,HATFIELD_STOCKS,42400
92,1,90,2,COLLINGWOOD_STOCKS,42400
221,4,219,0,CHADS_STOCKS,42400
102,0,98,0,JOHNS_STOCKS,42400
204,1,198,1,CASTLE_STOCKS,42400
138,1,136,1,CUTHS_STOCKS,42400
97,0,95,0,HATFIELD_STOCKS,42500
94,4,90,4,COLLINGWOOD_STOCKS,42500
222,3,218,1,CHADS_STOCKS,42500
104,4,102,2,JOHNS_STOCKS,42500
205,6,197,7,CASTLE_STOCKS,42500
138,0,134,2,CUTHS_STOCKS,42500
96,0,94,0,HATFIELD_STOCKS,42600
92,0,88,1,COLLINGWOOD_STOCKS,42600
224,0,220,0,CHADS_STOCKS,42600
105,1,103,2,JOHNS_STOCKS,42600
205,1,197,9,CASTLE_STOCKS,42600
138,0,134,0,CUTHS_STOCKS,42600
95,0,91,2,HATFIELD_STOCKS,42700
91,0,87,0,COLLINGWOOD_STOCKS,42700
223,1,219,0,CHADS_STOCKS,42700
105,1,101,1,JOHNS_STOCKS,42700
204,4,198,4,CASTLE_STOCKS,42700
138,3,134,3,CUTHS_STOCKS,42700
95,1,93,2,HATFIELD_STOCKS,42800
91,0,89,4,COLLINGWOOD_STOCKS,42800
223,0,219,0,CHADS_STOCKS,42800
104,3,100,2,JOHNS_STOCKS,42800
205,2,197,1,CASTLE_STOCKS,42800
139,0,135,0,CUTHS_STOCKS,42800
96,0,92,0,HATFIELD_STOCKS,42900
92,2,88,3,COLLINGWOOD_STOCKS,42900
222,3,218,1,CHADS_STOCKS,42900
105,1,101,3,JOHNS_STOCKS,42900
204,4,198,0,CASTLE_STOCKS,42900
138,0,136,0,CUTHS_STOCKS,42900
94,0,90,0,HATFIELD_STOCKS,43000
90,0,88,0,COLLINGWOOD_STOCKS,43000
220,1,216,1,CHADS_STOCKS,43000
102,1,100,0,JOHNS_STOCKS,43000
205,6,197,7,CASTLE_STOCKS,43000
139,1,137,0,CUTHS_STOCKS,43000
94,0,92,0,HATFIELD_STOCKS,43100
90,0,88,0,COLLINGWOOD_STOCKS,43100
221,0,217,0,CHADS_STOCKS,43100
102,0,100,0,JOHNS_STOCKS,43100
205,5,197,5,CASTLE_STOCKS,43100
141,0,137,0,CUTHS_STOCKS,43100
94,0,92,0,HATFIELD_STOCKS,43200
91,2,87,1,COLLINGWOOD_STOCKS,43200
221,2,217,2,CHADS_STOCKS,43200
102,0,100,0,JOHNS_STOCKS,43200
205,7,197,2,CASTLE_STOCKS,43200
140,0,136,0,CUTHS_STOCKS,43200
95,0,91,0,HATFIELD_STOCKS,43300
91,0,87,0,COLLINGWOOD_STOCKS,43300
220,0,216,0,CHADS_STOCKS,43300
100,0,96,0,JOHNS_STOCKS,43300
206,3,198,0,CASTLE_STOCKS,43300
141,1,137,0,CUTHS_STOCKS,43300
94,0,92,1,HATFIELD_STOCKS,43400
89,0,87,0,COLLINGWOOD_STOCKS,43400
219,0,215,0,CHADS_STOCKS,43400
101,1,99,1,JOHNS_STOCKS,43400
205,5,197,0,CASTLE_STOCKS,43400
140,0,138,0,CUTHS_STOCKS,43400
94,0,90,1,HATFIELD_STOCKS,43500
90,1,86,2,COLLINGWOOD_STOCKS,43500
218,0,216,0,CHADS_STOCKS,43500
101,0,97,0,JOHNS_STOCKS,43500
205,1,199,1,CASTLE_STOCKS,43500
140,0,136,0,CUTHS_STOCKS,43500
94,2,90,1,HATFIELD_STOCKS,43600
90,2,86,1,COLLINGWOOD_STOCKS,43600
218,0,214,1,CHADS_STOCKS,43600
101,0,97,1,JOHNS_STOCKS,43600
206,4,198,11,CASTLE_STOCKS,43600
140,1,136,0,CUTHS_STOCKS,43600
94,3,92,0,HATFIELD_STOCKS,43700
91,0,87,3,COLLINGWOOD_STOCKS,43700
218,1,214,1,CHADS_STOCKS,43700
98,1,94,1,JOHNS_STOCKS,43700
205,1,199,6,CASTLE_STOCKS,43700
138,1,136,2,CUTHS_STOCKS,43700
96,0,92,1,HATFIELD_STOCKS,43800
92,0,88,0,COLLINGWOOD_STOCKS,43800
215,2,213,0,CHADS_STOCKS,43800
97,2,93,1,JOHNS_STOCKS,43800
205,4,197,4,CASTLE_STOCKS,43800
140,0,136,0,CUTHS_STOCKS,43800
96,0,92,0,HATFIELD_STOCKS,43900
90,1,88,1,COLLINGWOOD_STOCKS,43900
216,0,214,0,CHADS_STOCKS,43900
96,0,94,0,JOHNS_STOCKS,43900
204,3,198,0,CASTLE_STOCKS,43900
138,0,136,0,CUTHS_STOCKS,43900
95,0,93,1,HATFIELD_STOCKS,44000
91,0,87,0,COLLINGWOOD_STOCKS,44000
217,2,213,0,CHADS_STOCKS,44000
96,2,92,2,JOHNS_STOCKS,44000
205,0,197,0,CASTLE_STOCKS,44000
139,0,135,0,CUTHS_STOCKS,44000
95,0,93,1,HATFIELD_STOCKS,44100
91,0,87,0,COLLINGWOOD_STOCKS,44100
217,0,213,0,CHADS_STOCKS,44100
96,0,92,0,JOHNS_STOCKS,44100
205,1,197,2,CASTLE_STOCKS,44100
140,0,136,0,CUTHS_STOCKS,44100
96,2,92,2,HATFIELD_STOCKS,44200
92,0,88,0,COLLINGWOOD_STOCKS,44200
217,2,213,0,CHADS_STOCKS,44200
94,0,92,0,JOHNS_STOCKS,44200
205,1,197,6,CASTLE_STOCKS,44200
139,2,135,2,CUTHS_STOCKS,44200
95,2,91,2,HATFIELD_STOCKS,44300
90,0,88,0,COLLINGWOOD_STOCKS,44300
215,0,211,0,CHADS_STOCKS,44300
94,1,92,0,JOHNS_STOCKS,44300
205,3,197,4,CASTLE_STOCKS,44300
139,0,137,0,CUTHS_STOCKS,44300
94,1,92,1,HATFIELD_STOCKS,44400
92,2,88,1,COLLINGWOOD_STOCKS,44400
214,4,210,2,CHADS_STOCKS,44400
94,4,92,4,JOHNS_STOCKS,44400
204,3,198,2,CASTLE_STOCKS,44400
139,1,135,0,CUTHS_STOCKS,44400
95,0,91,0,HATFIELD_STOCKS,44500
92,0,88,2,COLLINGWOOD_STOCKS,44500
214,0,210,0,CHADS_STOCKS,44500
95,0,91,0,JOHNS_STOCKS,44500
205,2,197,4,CASTLE_STOCKS,44500
139,1,135,2,CUTHS_STOCKS,44500
95,0,91,0,HATFIELD_STOCKS,44600
91,0,89,2,COLLINGWOOD_STOCKS,44600
211,0,207,0,CHADS_STOCKS,44600
92,1,88,0,JOHNS_STOCKS,44600
206,7,198,8,CASTLE_STOCKS,44600
138,2,136,3,CUTHS_STOCKS,44600
94,4,92,4,HATFIELD_STOCKS,44700
91,0,87,0,COLLINGWOOD_STOCKS,44700
210,1,206,1,CHADS_STOCKS,44700
90,1,88,4,JOHNS_STOCKS,44700
205,3,199,2,CASTLE_STOCKS,44700
138,0,134,3,CUTHS_STOCKS,44700
95,0,91,0,HATFIELD_STOCKS,44800
91,0,89,1,COLLINGWOOD_STOCKS,44800
211,2,207,2,CHADS_STOCKS,44800
92,2,88,2,JOHNS_STOCKS,44800
205,2,199,6,CASTLE_STOCKS,44800
138,0,134,0,CUTHS_STOCKS,44800
94,1,90,1,HATFIELD_STOCKS,44900
92,1,88,2,COLLINGWOOD_STOCKS,44900
213,3,209,1,CHADS_STOCKS,44900
94,1,90,0,JOHNS_STOCKS,44900
206,7,198,3,CASTLE_STOCKS,44900
137,2,135,1,CUTHS_STOCKS,44900
95,1,91,3,HATFIELD_STOCKS,45000
93,0,89,0,COLLINGWOOD_STOCKS,45000
213,1,211,2,CHADS_STOCKS,45000
96,0,92,1,JOHNS_STOCKS,45000
204,1,198,3,CASTLE_STOCKS,45000
136,4,134,0,CUTHS_STOCKS,45000
95,0,91,0,HATFIELD_STOCKS,45100
92,0,88,0,COLLINGWOOD_STOCKS,45100
212,0,208,0,CHADS_STOCKS,45100
94,1,92,0,JOHNS_STOCKS,45100
204,12,198,0,CASTLE_STOCKS,45100
138,0,134,1,CUTHS_STOCKS,45100
95,0,91,0,HATFIELD_STOCKS,45200
92,0,88,0,COLLINGWOOD_STOCKS,45200
210,0,208,3,CHADS_STOCKS,45200
94,0,90,0,JOHNS_STOCKS,45200
205,2,197,4,CASTLE_STOCKS,45200
136,0,132,1,CUTHS_STOCKS,45200
93,1,91,1,HATFIELD_STOCKS,45300
90,0,88,0,COLLINGWOOD_STOCKS,45300
209,0,207,0,CHADS_STOCKS,45300
94,0,90,0,JOHNS_STOCKS,45300
206,0,198,1,CASTLE_STOCKS,45300
137,0,133,1,CUTHS_STOCKS,45300
93,0,91,0,HATFIELD_STOCKS,45400
90,0,86,0,COLLINGWOOD_STOCKS,45400
212,0,208,0,CHADS_STOCKS,45400
96,1,92,1,JOHNS_STOCKS,45400
206,0,198,6,CASTLE_STOCKS,45400
137,0,135,1,CUTHS_STOCKS,45400
95,1,91,0,HATFIELD_STOCKS,45500
88,1,86,0,COLLINGWOOD_STOCKS,45500
210,1,208,4,CHADS_STOCKS,45500
95,1,91,3,JOHNS_STOCKS,45500
206,0,198,0,CASTLE_STOCKS,45500
137,0,135,1,CUTHS_STOCKS,45500
94,0,90,1,HATFIELD_STOCKS,45600
89,1,85,0,COLLINGWOOD_STOCKS,45600
211,0,209,0,CHADS_STOCKS,45600
95,0,93,0,JOHNS_STOCKS,45600
206,2,198,8,CASTLE_STOCKS,45600
139,1,135,3,CUTHS_STOCKS,45600
94,0,90,0,HATFIELD_STOCKS,45700
89,0,85,3,COLLINGWOOD_STOCKS,45700
211,3,209,0,CHADS_STOCKS,45700
96,1,92,3,JOHNS_STOCKS,45700
206,4,198,5,CASTLE_STOCKS,45700
138,0,136,0,CUTHS_STOCKS,45700
94,0,90,0,HATFIELD_STOCKS,45800
89,2,85,2,COLLINGWOOD_STOCKS,45800
213,0,209,0,CHADS_STOCKS,45800
94,0,90,0,JOHNS_STOCKS,45800
207,1,199,2,CASTLE_STOCKS,45800
139,0,135,0,CUTHS_STOCKS,45800
93,2,91,0,HATFIELD_STOCKS,45900
89,0,87,1,COLLINGWOOD_STOCKS,45900
213,0,211,0,CHADS_STOCKS,45900
94,1,90,1,JOHNS_STOCKS,45900
208,0,200,0,CASTLE_STOCKS,45900
140,0,136,0,CUTHS_STOCKS,45900
94,4,90,4,HATFIELD_STOCKS,46000
88,0,86,0,COLLINGWOOD_STOCKS,46000
211,0,209,0,CHADS_STOCKS,46000
94,2,90,1,JOHNS_STOCKS,46000
207,0,201,0,CASTLE_STOCKS,46000
139,0,137,0,CUTHS_STOCKS,46000
94,0,90,0,HATFIELD_STOCKS,46100
89,0,85,0,COLLINGWOOD_STOCKS,46100
210,0,206,0,CHADS_STOCKS,46100
96,0,92,0,JOHNS_STOCKS,46100
207,0,201,1,CASTLE_STOCKS,46100
140,1,136,1,CUTHS_STOCKS,46100
93,2,91,1,HATFIELD_STOCKS,46200
88,2,86,3,COLLINGWOOD_STOCKS,46200
210,2,208,3,CHADS_STOCKS,46200
96,0,92,0,JOHNS_STOCKS,46200
209,4,201,6,CASTLE_STOCKS,46200
140,0,136,0,CUTHS_STOCKS,46200
94,2,90,1,HATFIELD_STOCKS,46300
89,2,87,4,COLLINGWOOD_STOCKS,46300
210,3,206,2,CHADS_STOCKS,46300
96,0,92,0,JOHNS_STOCKS,46300
208,0,200,0,CASTLE_STOCKS,46300
139,0,135,1,CUTHS_STOCKS,46300
94,1,90,1,HATFIELD_STOCKS,46400
89,4,85,2,COLLINGWOOD_STOCKS,46400
209,0,205,0,CHADS_STOCKS,46400
96,0,92,0,JOHNS_STOCKS,46400
207,3,201,2,CASTLE_STOCKS,46400
140,0,136,2,CUTHS_STOCKS,46400
94,0,90,0,HATFIELD_STOCKS,46500
89,0,85,0,COLLINGWOOD_STOCKS,46500
209,1,205,4,CHADS_STOCKS,46500
97,0,93,0,JOHNS_STOCKS,46500
207,6,201,6,CASTLE_STOCKS,46500
139,1,137,0,CUTHS_STOCKS,46500
95,4,93,3,HATFIELD_STOCKS,46600
89,0,87,0,COLLINGWOOD_STOCKS,46600
207,0,205,2,CHADS_STOCKS,46600
99,1,95,0,JOHNS_STOCKS,46600
208,2,200,2,CASTLE_STOCKS,46600
139,2,137,2,CUTHS_STOCKS,46600
95,3,93,1,HATFIELD_STOCKS,46700
91,0,87,0,COLLINGWOOD_STOCKS,46700
207,1,205,0,CHADS_STOCKS,46700
98,1,94,0,JOHNS_STOCKS,46700
208,6,200,2,CASTLE_STOCKS,46700
141,1,137,1,CUTHS_STOCKS,46700
96,0,92,0,HATFIELD_STOCKS,46800
89,0,87,0,COLLINGWOOD_STOCKS,46800
208,0,204,0,CHADS_STOCKS,46800
98,2,94,2,JOHNS_STOCKS,46800
208,13,202,3,CASTLE_STOCKS,46800
141,1,137,0,CUTHS_STOCKS,46800
96,1,92,1,HATFIELD_STOCKS,46900
89,0,87,0,COLLINGWOOD_STOCKS,46900
208,0,204,2,CHADS_STOCKS,46900
98,0,94,0,JOHNS_STOCKS,46900
209,0,201,2,CASTLE_STOCKS,46900
140,2,138,4,CUTHS_STOCKS,46900
95,2,91,4,HATFIELD_STOCKS,47000
89,2,85,2,COLLINGWOOD_STOCKS,47000
208,1,206,1,CHADS_STOCKS,47000
98,0,94,0,JOHNS_STOCKS,47000
209,3,201,1,CASTLE_STOCKS,47000
142,3,138,2,CUTHS_STOCKS,47000
94,1,92,4,HATFIELD_STOCKS,47100
89,0,87,1,COLLINGWOOD_STOCKS,47100
210,0,206,1,CHADS_STOCKS,47100
97,0,93,2,JOHNS_STOCKS,47100
209,9,203,0,CASTLE_STOCKS,47100
141,0,137,0,CUTHS_STOCKS,47100
95,1,91,1,HATFIELD_STOCKS,47200
89,0,85,0,COLLINGWOOD_STOCKS,47200
208,1,204,2,CHADS_STOCKS,47200
95,1,93,3,JOHNS_STOCKS,47200
209,1,203,4,CASTLE_STOCKS,47200
141,0,137,0,CUTHS_STOCKS,47200
95,0,93,0,HATFIELD_STOCKS,47300
88,0,86,0,COLLINGWOOD_STOCKS,47300
210,1,206,1,CHADS_STOCKS,47300
97,0,93,0,JOHNS_STOCKS,47300
209,3,201,1,CASTLE_STOCKS,47300
141,2,137,0,CUTHS_STOCKS,47300
97,4,93,4,HATFIELD_STOCKS,47400
89,0,87,0,COLLINGWOOD_STOCKS,47400
209,1,205,1,CHADS_STOCKS,47400
97,0,93,2,JOHNS_STOCKS,47400
209,8,201,7,CASTLE_STOCKS,47400
141,1,137,3,CUTHS_STOCKS,47400
96,2,92,1,HATFIELD_STOCKS,47500
90,0,86,0,COLLINGWOOD_STOCKS,47500
208,1,204,3,CHADS_STOCKS,47500
96,3,92,0,JOHNS_STOCKS,47500
207,0,201,1,CASTLE_STOCKS,47500
140,1,136,1,CUTHS_STOCKS,47500
96,4,92,4,HATFIELD_STOCKS,47600
90,0,86,0,COLLINGWOOD_STOCKS,47600
206,0,204,0,CHADS_STOCKS,47600
95,0,93,0,JOHNS_STOCKS,47600
208,5,200,0,CASTLE_STOCKS,47600
139,2,137,1,CUTHS_STOCKS,47600
96,0,92,0,HATFIELD_STOCKS,47700
91,2,87,4,COLLINGWOOD_STOCKS,47700
206,0,202,0,CHADS_STOCKS,47700
97,2,93,2,JOHNS_STOCKS,47700
207,5,199,11,CASTLE_STOCKS,47700
138,2,136,0,CUTHS_STOCKS,47700
95,0,93,0,HATFIELD_STOCKS,47800
91,3,87,2,COLLINGWOOD_STOCKS,47800
205,1,203,1,CHADS_STOCKS,47800
98,0,94,0,JOHNS_STOCKS,47800
207,5,201,2,CASTLE_STOCKS,47800
140,0,136,3,CUTHS_STOCKS,47800
95,0,93,0,HATFIELD_STOCKS,47900
91,0,87,4,COLLINGWOOD_STOCKS,47900
209,0,205,0,CHADS_STOCKS,47900
100,1,96,0,JOHNS_STOCKS,47900
207,1,199,0,CASTLE_STOCKS,47900
140,1,136,0,CUTHS_STOCKS,47900
95,0,93,0,HATFIELD_STOCKS,48000
91,2,87,0,COLLINGWOOD_STOCKS,48000
208,1,204,0,CHADS_STOCKS,48000
100,0,96,0,JOHNS_STOCKS,48000
207,0,199,0,CASTLE_STOCKS,48000
141,2,137,3,CUTHS_STOCKS,48000
95,0,91,0,HATFIELD_STOCKS,48100
91,0,87,0,COLLINGWOOD_STOCKS,48100
208,2,206,3,CHADS_STOCKS,48100
100,1,96,0,JOHNS_STOCKS,48100
207,0,199,0,CASTLE_STOCKS,48100
141,3,137,1,CUTHS_STOCKS,48100
95,0,93,0,HATFIELD_STOCKS,48200
91,0,87,0,COLLINGWOOD_STOCKS,48200
209,0,205,0,CHADS_STOCKS,48200
99,1,97,1,JOHNS_STOCKS,48200
207,0,199,6,CASTLE_STOCKS,48200
140,0,138,0,CUTHS_STOCKS,48200
96,0,92,0,HATFIELD_STOCKS,48300
92,0,88,0,COLLINGWOOD_STOCKS,48300
210,0,206,0,CHADS_STOCKS,48300
101,0,97,0,JOHNS_STOCKS,48300
207,1,199,2,CASTLE_STOCKS,48300
141,3,137,0,CUTHS_STOCKS,48300
95,1,93,1,HATFIELD_STOCKS,48400
91,4,87,4,COLLINGWOOD_STOCKS,48400
210,1,208,0,CHADS_STOCKS,48400
100,0,96,1,JOHNS_STOCKS,48400
207,2,199,3,CASTLE_STOCKS,48400
141,1,137,0,CUTHS_STOCKS,48400
95,2,91,1,HATFIELD_STOCKS,48500
91,0,87,0,COLLINGWOOD_STOCKS,48500
208,0,206,0,CHADS_STOCKS,48500
98,2,94,2,JOHNS_STOCKS,48500
206,3,200,3,CASTLE_STOCKS,48500
140,1,136,0,CUTHS_STOCKS,48500
94,3,92,2,HATFIELD_STOCKS,48600
90,0,86,3,COLLINGWOOD_STOCKS,48600
207,1,205,0,CHADS_STOCKS,48600
96,0,94,1,JOHNS_STOCKS,48600
207,3,199,0,CASTLE_STOCKS,48600
140,0,136,0,CUTHS_STOCKS,48600
95,1,91,4,HATFIELD_STOCKS,48700
91,2,87,1,COLLINGWOOD_STOCKS,48700
208,0,204,1,CHADS_STOCKS,48700
97,0,93,1,JOHNS_STOCKS,48700
206,8,200,0,CASTLE_STOCKS,48700
138,0,136,0,CUTHS_STOCKS,48700
95,2,91,2,HATFIELD_STOCKS,48800
90,1,86,1,COLLINGWOOD_STOCKS,48800
209,0,205,0,CHADS_STOCKS,48800
98,0,94,0,JOHNS_STOCKS,48800
207,0,199,0,CASTLE_STOCKS,48800
139,2,135,1,CUTHS_STOCKS,48800
95,3,91,4,HATFIELD_STOCKS,48900
90,2,86,2,COLLINGWOOD_STOCKS,48900
208,3,206,3,CHADS_STOCKS,48900
100,1,96,2,JOHNS_STOCKS,48900
206,5,200,0,CASTLE_STOCKS,48900
139,0,135,0,CUTHS_STOCKS,48900
95,0,93,0,HATFIELD_STOCKS,49000
91,0,87,0,COLLINGWOOD_STOCKS,49000
209,1,205,0,CHADS_STOCKS,49000
101,1,99,0,JOHNS_STOCKS,49000
208,3,200,2,CASTLE_STOCKS,49000
139,1,135,1,CUTHS_STOCKS,49000
95,0,93,0,HATFIELD_STOCKS,49100
89,1,87,2,COLLINGWOOD_STOCKS,49100
208,2,204,0,CHADS_STOCKS,49100
100,0,96,1,JOHNS_STOCKS,49100
208,0,200,0,CASTLE_STOCKS,49100
139,1,135,1,CUTHS_STOCKS,49100
95,1,93,0,HATFIELD_STOCKS,49200
89,3,87,3,COLLINGWOOD_STOCKS,49200
206,0,204,0,CHADS_STOCKS,49200
97,1,95,0,JOHNS_STOCKS,49200
207,8,199,8,CASTLE_STOCKS,49200
139,0,135,0,CUTHS_STOCKS,49200
96,1,92,1,HATFIELD_STOCKS,49300
90,2,86,0,COLLINGWOOD_STOCKS,49300
206,1,202,1,CHADS_STOCKS,49300
99,0,95,1,JOHNS_STOCKS,49300
207,0,199,0,CASTLE_STOCKS,49300
139,3,135,3,CUTHS_STOCKS,49300
95,0,93,0,HATFIELD_STOCKS,49400
89,2,85,0,COLLINGWOOD_STOCKS,49400
207,0,203,0,CHADS_STOCKS,49400
100,1,96,1,JOHNS_STOCKS,49400
206,0,200,0,CASTLE_STOCKS,49400
138,1,136,3,CUTHS_STOCKS,49400
95,1,91,1,HATFIELD_STOCKS,49500
89,1,85,0,COLLINGWOOD_STOCKS,49500
208,1,204,1,CHADS_STOCKS,49500
100,0,96,0,JOHNS_STOCKS,49500
206,5,198,6,CASTLE_STOCKS,49500
139,0,135,0,CUTHS_STOCKS,49500
95,1,91,1,HATFIELD_STOCKS,49600
90,0,86,1,COLLINGWOOD_STOCKS,49600
209,0,205,0,CHADS_STOCKS,49600
100,0,98,0,JOHNS_STOCKS,49600
205,1,199,6,CASTLE_STOCKS,49600
139,0,135,0,CUTHS_STOCKS,49600
94,0,92,0,HATFIELD_STOCKS,49700
89,0,85,0,COLLINGWOOD_STOCKS,49700
208,0,204,2,CHADS_STOCKS,49700
100,0,96,0,JOHNS_STOCKS,49700
205,0,199,0,CASTLE_STOCKS,49700
139,3,135,1,CUTHS_STOCKS,49700
94,3,90,1,HATFIELD_STOCKS,49800
88,1,86,0,COLLINGWOOD_STOCKS,49800
210,0,206,2,CHADS_STOCKS,49800
100,1,96,0,JOHNS_STOCKS,49800
206,1,198,1,CASTLE_STOCKS,49800
139,2,135,1,CUTHS_STOCKS,49800
95,3,91,3,HATFIELD_STOCKS,49900
88,0,86,2,COLLINGWOOD_STOCKS,49900
208,0,206,0,CHADS_STOCKS,49900
99,2,95,4,JOHNS_STOCKS,49900
206,0,198,0,CASTLE_STOCKS,49900
139,3,135,1,CUTHS_STOCKS,49900
94,3,90,1,HATFIELD_STOCKS,50000
88,1,86,4,COLLINGWOOD_STOCKS,50000
207,0,203,0,CHADS_STOCKS,50000
98,3,96,0,JOHNS_STOCKS,50000
205,2,199,3,CASTLE_STOCKS,50000
139,4,135,4,CUTHS_STOCKS,50000
94,0,90,0,HATFIELD_STOCKS,50100
89,1,85,0,COLLINGWOOD_STOCKS,50100
205,1,203,1,CHADS_STOCKS,50100
97,0,93,2,JOHNS_STOCKS,50100
206,6,198,10,CASTLE_STOCKS,50100
140,1,136,0,CUTHS_STOCKS,50100
94,1,90,0,HATFIELD_STOCKS,50200
88,2,86,2,COLLINGWOOD_STOCKS,50200
207,2,203,1,CHADS_STOCKS,50200
99,1,95,4,JOHNS_STOCKS,50200
205,0,199,0,CASTLE_STOCKS,50200
138,0,136,0,CUTHS_STOCKS,50200
93,0,91,0,HATFIELD_STOCKS,50300
89,2,87,0,COLLINGWOOD_STOCKS,50300
207,0,203,1,CHADS_STOCKS,50300
99,0,95,1,JOHNS_STOCKS,50300
205,2,199,5,CASTLE_STOCKS,50300
139,2,135,1,CUTHS_STOCKS,50300
93,0,89,1,HATFIELD_STOCKS,50400
89,1,87,0,COLLINGWOOD_STOCKS,50400
207,0,203,0,CHADS_STOCKS,50400
98,2,96,2,JOHNS_STOCKS,50400
206,4,198,1,CASTLE_STOCKS,50400
140,0,138,1,CUTHS_STOCKS,50400
92,1,90,1,HATFIELD_STOCKS,50500
88,3,86,1,COLLINGWOOD_STOCKS,50500
208,0,204,3,CHADS_STOCKS,50500
100,0,96,1,JOHNS_STOCKS,50500
205,0,199,1,CASTLE_STOCKS,50500
140,0,138,0,CUTHS_STOCKS,50500
93,0,89,0,HATFIELD_STOCKS,50600
88,0,86,0,COLLINGWOOD_STOCKS,50600
206,0,204,0,CHADS_STOCKS,50600
99,0,95,0,JOHNS_STOCKS,50600
204,4,198,8,CASTLE_STOCKS,50600
140,3,136,0,CUTHS_STOCKS,50600
94,3,90,1,HATFIELD_STOCKS,50700
89,0,85,0,COLLINGWOOD_STOCKS,50700
208,0,204,0,CHADS_STOCKS,50700
100,0,96,0,JOHNS_STOCKS,50700
206,9,198,5,CASTLE_STOCKS,50700
138,0,136,1,CUTHS_STOCKS,50700
93,2,89,0,HATFIELD_STOCKS,50800
88,0,84,0,COLLINGWOOD_STOCKS,50800
210,0,206,0,CHADS_STOCKS,50800
100,0,96,0,JOHNS_STOCKS,50800
205,10,199,3,CASTLE_STOCKS,50800
139,0,135,0,CUTHS_STOCKS,50800
92,0,88,0,HATFIELD_STOCKS,50900
86,0,84,1,COLLINGWOOD_STOCKS,50900
211,0,207,0,CHADS_STOCKS,50900
101,4,97,0,JOHNS_STOCKS,50900
205,1,199,7,CASTLE_STOCKS,50900
138,0,134,0,CUTHS_STOCKS,50900
92,0,90,0,HATFIELD_STOCKS,51000
87,0,85,3,COLLINGWOOD_STOCKS,51000
211,2,207,2,CHADS_STOCKS,51000
101,0,99,1,JOHNS_STOCKS,51000
205,6,197,4,CASTLE_STOCKS,51000
136,3,134,4,CUTHS_STOCKS,51000
92,1,88,1,HATFIELD_STOCKS,51100
86,2,84,0,COLLINGWOOD_STOCKS,51100
210,0,208,0,CHADS_STOCKS,51100
103,3,99,1,JOHNS_STOCKS,51100
205,5,199,3,CASTLE_STOCKS,51100
138,0,134,1,CUTHS_STOCKS,51100
92,0,88,0,HATFIELD_STOCKS,51200
87,0,85,0,COLLINGWOOD_STOCKS,51200
212,3,208,4,CHADS_STOCKS,51200
101,0,99,0,JOHNS_STOCKS,51200
205,6,199,1,CASTLE_STOCKS,51200
138,0,134,0,CUTHS_STOCKS,51200
91,0,89,2,HATFIELD_STOCKS,51300
89,0,85,1,COLLINGWOOD_STOCKS,51300
212,3,210,2,CHADS_STOCKS,51300
102,0,98,0,JOHNS_STOCKS,51300
206,5,198,11,CASTLE_STOCKS,51300
137,1,133,1,CUTHS_STOCKS,51300
93,4,89,1,HATFIELD_STOCKS,51400
89,0,85,0,COLLINGWOOD_STOCKS,51400
212,2,210,1,CHADS_STOCKS,51400
103,0,99,0,JOHNS_STOCKS,51400
206,1,198,0,CASTLE_STOCKS,51400
137,0,133,0,CUTHS_STOCKS,51400
92,0,90,1,HATFIELD_STOCKS,51500
90,0,86,1,COLLINGWOOD_STOCKS,51500
214,2,210,0,CHADS_STOCKS,51500
101,2,99,1,JOHNS_STOCKS,51500
205,4,199,2,CASTLE_STOCKS,51500
136,2,134,1,CUTHS_STOCKS,51500
93,1,89,0,HATFIELD_STOCKS,51600
89,0,85,2,COLLINGWOOD_STOCKS,51600
212,0,208,0,CHADS_STOCKS,51600
102,0,98,0,JOHNS_STOCKS,51600
206,9,198,4,CASTLE_STOCKS,51600
135,0,133,3,CUTHS_STOCKS,51600
93,0,91,0,HATFIELD_STOCKS,51700
90,1,86,2,COLLINGWOOD_STOCKS,51700
211,0,209,0,CHADS_STOCKS,51700
102,0,100,0,JOHNS_STOCKS,51700
206,1,198,3,CASTLE_STOCKS,51700
136,3,132,2,CUTHS_STOCKS,51700
94,0,90,0,HATFIELD_STOCKS,51800
90,1,86,1,COLLINGWOOD_STOCKS,51800
211,1,207,1,CHADS_STOCKS,51800
101,2,99,2,JOHNS_STOCKS,51800
206,0,198,0,CASTLE_STOCKS,51800
136,1,132,1,CUTHS_STOCKS,51800
93,2,91,1,HATFIELD_STOCKS,51900
90,3,86,1,COLLINGWOOD_STOCKS,51900
212,0,208,1,CHADS_STOCKS,51900
103,1,99,0,JOHNS_STOCKS,51900
205,1,199,0,CASTLE_STOCKS,51900
137,2,133,2,CUTHS_STOCKS,51900
93,1,91,2,HATFIELD_STOCKS,52000
91,2,87,1,COLLINGWOOD_STOCKS,52000
209,2,207,2,CHADS_STOCKS,52000
105,0,101,0,JOHNS_STOCKS,52000
206,1,198,0,CASTLE_STOCKS,52000
137,0,133,0,CUTHS_STOCKS,52000
93,4,91,3,HATFIELD_STOCKS,52100
90,3,86,3,COLLINGWOOD_STOCKS,52100
209,0,207,0,CHADS_STOCKS,52100
105,0,101,1,JOHNS_STOCKS,52100
206,4,198,5,CASTLE_STOCKS,52100
138,1,134,2,CUTHS_STOCKS,52100
93,0,91,0,HATFIELD_STOCKS,52200
89,1,87,3,COLLINGWOOD_STOCKS,52200
210,2,206,0,CHADS_STOCKS,52200
105,0,101,0,JOHNS_STOCKS,52200
206,0,198,0,CASTLE_STOCKS,52200
138,0,134,0,CUTHS_STOCKS,52200
95,0,91,0,HATFIELD_STOCKS,52300
90,0,88,0,COLLINGWOOD_STOCKS,52300
208,0,204,0,CHADS_STOCKS,52300
103,0,99,0,JOHNS_STOCKS,52300
206,2,198,0,CASTLE_STOCKS,52300
138,0,134,3,CUTHS_STOCKS,52300
95,1,91,1,HATFIELD_STOCKS,52400
90,1,88,1,COLLINGWOOD_STOCKS,52400
208,3,204,0,CHADS_STOCKS,52400
101,2,99,2,JOHNS_STOCKS,52400
205,4,199,1,CASTLE_STOCKS,52400
138,0,134,2,CUTHS_STOCKS,52400
95,2,93,1,HATFIELD_STOCKS,52500
92,3,88,4,COLLINGWOOD_STOCKS,52500
208,3,206,2,CHADS_STOCKS,52500
99,0,97,1,JOHNS_STOCKS,52500
206,0,198,1,CASTLE_STOCKS,52500
138,2,134,1,CUTHS_STOCKS,52500
96,1,92,0,HATFIELD_STOCKS,52600
91,4,89,1,COLLINGWOOD_STOCKS,52600
208,1,206,2,CHADS_STOCKS,52600
102,0,98,0,JOHNS_STOCKS,52600
205,0,197,0,CASTLE_STOCKS,52600
138,0,134,0,CUTHS_STOCKS,52600
96,1,92,1,HATFIELD_STOCKS,52700
93,0,89,0,COLLINGWOOD_STOCKS,52700
207,1,203,1,CHADS_STOCKS,52700
