timestamp,bid_price_1,bid_volume_1,bid_price_2,bid_volume_2,bid_price_3,bid_volume_3,ask_price_1,ask_volume_1,ask_price_2,ask_volume_2,ask_price_3,ask_volume_3,product
100,93,14,91,25,89,47,97,13,99,25,101,44,HATFIELD_STOCKS
100,87,37,85,66,83,112,93,41,95,62,97,154,COLLINGWOOD_STOCKS
100,207,26,205,57,203,114,213,34,215,69,217,94,CHADS_STOCKS
100,98,43,96,59,94,96,102,51,104,59,106,103,JOHNS_STOCKS
100,197,10,196,18,195,18,203,12,204,15,205,18,CASTLE_STOCKS
100,149,24,146,22,143,32,151,24,154,28,157,34,CUTHS_STOCKS
200,93,17,91,35,89,58,95,20,97,31,99,53,HATFIELD_STOCKS
200,86,22,84,32,82,51,92,25,94,37,96,65,COLLINGWOOD_STOCKS
200,209,26,208,31,207,62,211,18,212,31,213,52,CHADS_STOCKS
200,99,16,98,26,97,58,105,14,106,23,107,48,JOHNS_STOCKS
200,196,36,195,66,194,108,202,41,203,66,204,106,CASTLE_STOCKS
200,146,12,143,24,140,45,150,14,153,22,156,42,CUTHS_STOCKS
300,94,40,91,66,88,159,96,32,99,71,102,147,HATFIELD_STOCKS
300,88,54,85,78,82,138,92,44,95,72,98,111,COLLINGWOOD_STOCKS
300,209,15,206,23,203,35,211,12,214,22,217,30,CHADS_STOCKS
300,101,20,100,32,99,61,103,14,104,30,105,61,JOHNS_STOCKS
300,196,16,194,19,192,32,202,14,204,19,206,42,CASTLE_STOCKS
300,146,33,143,48,140,84,150,43,153,55,156,95,CUTHS_STOCKS
400,92,30,91,48,90,53,96,22,97,38,98,70,HATFIELD_STOCKS
400,87,22,85,35,83,49,91,25,93,34,95,51,COLLINGWOOD_STOCKS
400,210,11,209,16,208,33,212,10,213,14,214,35,CHADS_STOCKS
400,100,52,98,75,96,158,104,47,106,83,108,216,JOHNS_STOCKS
400,197,19,194,35,191,61,201,22,204,32,207,61,CASTLE_STOCKS
400,147,13,144,30,141,49,149,15,152,33,155,46,CUTHS_STOCKS
500,93,54,91,80,89,143,97,40,99,68,101,111,HATFIELD_STOCKS
500,88,46,86,71,84,126,92,42,94,69,96,157,COLLINGWOOD_STOCKS
500,209,12,206,20,203,35,211,13,214,18,217,30,CHADS_STOCKS
500,100,17,98,38,96,72,102,17,104,31,106,51,JOHNS_STOCKS
500,196,55,195,73,194,118,202,38,203,85,204,139,CASTLE_STOCKS
500,144,25,141,56,138,110,150,30,153,60,156,94,CUTHS_STOCKS
600,93,12,90,22,87,33,95,15,98,21,101,28,HATFIELD_STOCKS
600,88,43,85,81,82,183,92,49,95,98,98,162,COLLINGWOOD_STOCKS
600,209,37,206,59,203,133,213,38,216,52,219,135,CHADS_STOCKS
600,101,36,99,45,97,55,103,28,105,46,107,50,JOHNS_STOCKS
600,197,21,194,28,191,43,201,20,204,31,207,40,CASTLE_STOCKS
600,145,44,142,66,139,105,149,50,152,88,155,149,CUTHS_STOCKS
700,93,30,90,43,87,44,97,29,100,36,103,56,HATFIELD_STOCKS
700,89,53,86,85,83,110,91,51,94,58,97,99,COLLINGWOOD_STOCKS
700,210,28,208,28,206,36,214,26,216,29,218,46,CHADS_STOCKS
700,99,20,97,49,95,99,105,20,107,48,109,74,JOHNS_STOCKS
700,197,22,196,23,195,39,201,15,202,30,203,49,CASTLE_STOCKS
700,145,17,142,26,139,52,149,16,152,34,155,56,CUTHS_STOCKS
800,92,17,91,31,90,77,96,19,97,31,98,55,HATFIELD_STOCKS
800,87,41,85,69,83,86,93,54,95,60,97,88,COLLINGWOOD_STOCKS
800,208,22,206,44,204,68,210,23,212,44,214,60,CHADS_STOCKS
800,97,15,95,18,93,27,101,13,103,21,105,31,JOHNS_STOCKS
800,197,31,195,44,193,104,201,34,203,57,205,84,CASTLE_STOCKS
800,144,15,142,20,140,46,148,14,150,27,152,32,CUTHS_STOCKS
900,93,32,90,34,87,50,97,26,100,36,103,45,HATFIELD_STOCKS
900,87,23,85,37,83,56,93,21,95,42,97,81,COLLINGWOOD_STOCKS
900,206,35,204,60,202,94,208,32,210,63,212,103,CHADS_STOCKS
900,97,38,95,50,93,57,99,41,101,56,103,68,JOHNS_STOCKS
900,197,22,196,27,195,33,201,21,202,27,203,44,CASTLE_STOCKS
900,144,42,143,85,142,186,148,43,149,75,150,162,CUTHS_STOCKS
1000,94,55,91,58,88,87,98,54,101,56,104,75,HATFIELD_STOCKS
1000,89,11,88,30,87,54,93,14,94,21,95,43,COLLINGWOOD_STOCKS
1000,207,39,206,73,205,138,211,44,212,84,213,144,CHADS_STOCKS
1000,97,36,94,71,91,81,99,47,102,67,105,103,JOHNS_STOCKS
1000,196,15,195,25,194,53,202,13,203,26,204,57,CASTLE_STOCKS
1000,146,8,145,16,144,34,148,11,149,16,150,39,CUTHS_STOCKS
1100,93,30,90,33,87,71,99,23,102,36,105,62,HATFIELD_STOCKS
1100,88,27,85,38,82,64,94,26,97,37,100,65,COLLINGWOOD_STOCKS
1100,206,28,203,37,200,41,212,26,215,34,218,45,CHADS_STOCKS
1100,97,19,94,33,91,46,99,22,102,36,105,42,JOHNS_STOCKS
1100,196,28,195,61,194,93,202,29,203,46,204,125,CASTLE_STOCKS
1100,144,40,141,66,138,93,148,57,151,69,154,107,CUTHS_STOCKS
1200,96,20,95,27,94,55,98,22,99,38,100,55,HATFIELD_STOCKS
1200,88,22,87,29,86,52,94,24,95,25,96,47,COLLINGWOOD_STOCKS
1200,207,40,204,56,201,85,211,42,214,69,217,116,CHADS_STOCKS
1200,96,40,94,93,92,194,100,44,102,85,104,134,JOHNS_STOCKS
1200,197,33,196,55,195,115,201,33,202,50,203,113,CASTLE_STOCKS
1200,142,56,140,78,138,109,148,53,150,82,152,119,CUTHS_STOCKS
1300,96,34,94,49,92,63,100,37,102,55,104,56,HATFIELD_STOCKS
1300,90,43,87,69,84,91,92,44,95,54,98,94,COLLINGWOOD_STOCKS
1300,207,15,206,29,205,51,211,14,212,27,213,41,CHADS_STOCKS
1300,95,42,93,58,91,95,99,48,101,58,103,86,JOHNS_STOCKS
1300,196,30,195,52,194,92,202,32,203,54,204,78,CASTLE_STOCKS
1300,141,21,138,19,135,28,147,21,150,20,153,33,CUTHS_STOCKS
1400,96,16,95,29,94,35,98,16,99,27,100,33,HATFIELD_STOCKS
1400,89,13,86,25,83,40,93,14,96,29,99,36,COLLINGWOOD_STOCKS
1400,209,53,206,71,203,163,213,43,216,74,219,143,CHADS_STOCKS
1400,94,39,92,61,90,81,98,41,100,53,102,75,JOHNS_STOCKS
1400,196,11,194,21,192,25,202,13,204,17,206,31,CASTLE_STOCKS
1400,142,19,141,35,140,71,146,25,147,50,148,82,CUTHS_STOCKS
1500,94,22,91,42,88,62,98,24,101,47,104,56,HATFIELD_STOCKS
1500,89,18,88,27,87,42,91,17,92,30,93,53,COLLINGWOOD_STOCKS
1500,207,42,206,78,205,111,211,29,212,78,213,110,CHADS_STOCKS
1500,93,11,90,19,87,35,99,11,102,20,105,37,JOHNS_STOCKS
1500,197,39,194,91,191,159,201,40,204,87,207,125,CASTLE_STOCKS
1500,143,15,142,22,141,30,145,11,146,20,147,23,CUTHS_STOCKS
1600,93,25,92,28,91,48,97,22,98,33,99,61,HATFIELD_STOCKS
1600,87,26,84,50,81,87,91,26,94,42,97,88,COLLINGWOOD_STOCKS
1600,206,33,205,46,204,64,212,25,213,38,214,71,CHADS_STOCKS
1600,93,31,91,45,89,77,95,35,97,51,99,82,JOHNS_STOCKS
1600,196,37,193,68,190,98,202,41,205,73,208,88,CASTLE_STOCKS
1600,143,24,140,41,137,56,145,25,148,39,151,63,CUTHS_STOCKS
1700,93,49,90,68,87,78,95,39,98,48,101,75,HATFIELD_STOCKS
1700,88,31,87,34,86,35,90,24,91,35,92,42,COLLINGWOOD_STOCKS
1700,209,30,208,30,207,37,211,27,212,41,213,36,CHADS_STOCKS
1700,92,48,89,68,86,169,98,37,101,86,104,129,JOHNS_STOCKS
1700,196,32,195,51,194,96,202,31,203,41,204,98,CASTLE_STOCKS
1700,143,15,140,28,137,54,145,11,148,27,151,43,CUTHS_STOCKS
1800,91,36,89,75,87,114,97,39,99,82,101,127,HATFIELD_STOCKS
1800,87,17,86,30,85,52,91,16,92,24,93,44,COLLINGWOOD_STOCKS
1800,208,38,207,40,206,57,212,43,213,40,214,61,CHADS_STOCKS
1800,95,29,92,47,89,68,99,29,102,36,105,68,JOHNS_STOCKS
1800,197,31,196,58,195,80,201,32,202,49,203,73,CASTLE_STOCKS
1800,143,25,140,44,137,95,145,30,148,49,151,104,CUTHS_STOCKS
1900,92,17,90,32,88,36,98,16,100,23,102,47,HATFIELD_STOCKS
1900,88,51,87,65,86,114,92,43,93,60,94,140,COLLINGWOOD_STOCKS
1900,209,17,207,27,205,37,211,15,213,26,215,33,CHADS_STOCKS
1900,95,40,94,71,93,84,99,39,100,81,101,85,JOHNS_STOCKS
1900,196,16,193,21,190,35,202,22,205,21,208,40,CASTLE_STOCKS
1900,143,34,142,50,141,106,145,30,146,61,147,107,CUTHS_STOCKS
2000,90,31,89,47,88,66,96,35,97,46,98,81,HATFIELD_STOCKS
2000,87,39,86,75,85,106,89,42,90,68,91,123,COLLINGWOOD_STOCKS
2000,209,48,206,78,203,175,211,39,214,83,217,136,CHADS_STOCKS
2000,94,48,93,67,92,103,98,43,99,64,100,113,JOHNS_STOCKS
2000,196,38,195,46,194,91,202,36,203,49,204,83,CASTLE_STOCKS
2000,141,37,140,42,139,62,145,31,146,56,147,76,CUTHS_STOCKS
2100,92,21,89,37,86,82,94,24,97,45,100,88,HATFIELD_STOCKS
2100,87,13,86,18,85,34,89,9,90,23,91,39,COLLINGWOOD_STOCKS
2100,208,40,206,70,204,105,210,45,212,61,214,137,CHADS_STOCKS
2100,94,34,92,52,90,44,96,30,98,45,100,55,JOHNS_STOCKS
2100,196,49,195,67,194,90,202,33,203,70,204,77,CASTLE_STOCKS
2100,143,16,142,33,141,73,145,19,146,36,147,52,CUTHS_STOCKS
2200,92,32,89,45,86,65,96,28,99,54,102,64,HATFIELD_STOCKS
2200,88,23,85,36,82,57,90,21,93,30,96,53,COLLINGWOOD_STOCKS
2200,207,32,204,64,201,110,211,40,214,54,217,126,CHADS_STOCKS
2200,91,34,89,86,87,110,95,47,97,85,99,125,JOHNS_STOCKS
2200,198,32,197,61,196,102,202,42,203,45,204,95,CASTLE_STOCKS
2200,143,48,142,57,141,100,145,50,146,63,147,93,CUTHS_STOCKS
2300,93,39,92,90,91,134,95,55,96,97,97,122,HATFIELD_STOCKS
2300,88,9,87,16,86,41,92,12,93,19,94,41,COLLINGWOOD_STOCKS
2300,208,41,205,107,202,193,212,41,215,114,218,203,CHADS_STOCKS
2300,88,37,87,75,86,142,92,41,93,84,94,134,JOHNS_STOCKS
2300,197,46,196,78,195,135,203,36,204,77,205,151,CASTLE_STOCKS
2300,141,44,138,73,135,103,147,35,150,58,153,86,CUTHS_STOCKS
2400,93,28,91,43,89,53,95,32,97,42,99,46,HATFIELD_STOCKS
2400,86,12,83,26,80,42,92,11,95,22,98,42,COLLINGWOOD_STOCKS
2400,207,21,205,31,203,43,213,23,215,28,217,38,CHADS_STOCKS
2400,85,17,82,28,79,38,89,24,92,21,95,30,JOHNS_STOCKS
2400,197,9,194,19,191,27,203,11,206,16,209,22,CASTLE_STOCKS
2400,142,11,141,21,140,45,146,12,147,23,148,45,CUTHS_STOCKS
2500,90,32,88,38,86,52,96,25,98,31,100,49,HATFIELD_STOCKS
2500,87,22,85,51,83,62,91,20,93,38,95,83,COLLINGWOOD_STOCKS
2500,209,32,206,73,203,171,211,31,214,64,217,157,CHADS_STOCKS
2500,87,20,86,23,85,39,89,26,90,29,91,38,JOHNS_STOCKS
2500,198,9,197,15,196,18,202,10,203,12,204,13,CASTLE_STOCKS
2500,142,36,140,49,138,54,146,35,148,42,150,58,CUTHS_STOCKS
2600,91,54,88,59,85,77,95,39,98,64,101,72,HATFIELD_STOCKS
2600,87,9,86,16,85,30,91,8,92,20,93,29,COLLINGWOOD_STOCKS
2600,209,47,206,64,203,89,211,38,214,69,217,114,CHADS_STOCKS
2600,86,41,85,64,84,99,90,37,91,51,92,106,JOHNS_STOCKS
2600,197,22,194,32,191,51,203,29,206,44,209,64,CASTLE_STOCKS
2600,141,44,140,110,139,179,145,57,146,99,147,221,CUTHS_STOCKS
2700,91,45,89,43,87,69,93,44,95,51,97,54,HATFIELD_STOCKS
2700,86,15,85,28,84,38,88,16,89,29,90,35,COLLINGWOOD_STOCKS
2700,210,28,207,31,204,47,212,27,215,43,218,51,CHADS_STOCKS
2700,86,32,84,46,82,62,88,34,90,48,92,65,JOHNS_STOCKS
2700,198,43,195,83,192,133,202,34,205,91,208,153,CASTLE_STOCKS
2700,142,28,139,43,136,94,144,26,147,46,150,77,CUTHS_STOCKS
2800,91,32,89,38,87,47,93,30,95,42,97,48,HATFIELD_STOCKS
2800,86,31,83,46,80,72,88,28,91,47,94,63,COLLINGWOOD_STOCKS
2800,208,44,207,83,206,154,212,43,213,72,214,144,CHADS_STOCKS
2800,86,51,84,81,82,161,88,45,90,90,92,201,JOHNS_STOCKS
2800,198,39,196,46,194,69,202,31,204,51,206,76,CASTLE_STOCKS
2800,140,21,137,27,134,62,144,20,147,34,150,54,CUTHS_STOCKS
2900,90,10,89,16,88,17,92,10,93,12,94,23,HATFIELD_STOCKS
2900,83,22,82,37,81,67,89,16,90,33,91,85,COLLINGWOOD_STOCKS
2900,210,50,208,83,206,117,212,42,214,88,216,136,CHADS_STOCKS
2900,89,27,86,33,83,44,91,25,94,31,97,43,JOHNS_STOCKS
2900,198,26,196,51,194,58,202,31,204,50,206,67,CASTLE_STOCKS
2900,139,49,136,81,133,234,145,46,148,89,151,163,CUTHS_STOCKS
3000,88,23,87,34,86,67,94,23,95,44,96,54,HATFIELD_STOCKS
3000,84,50,82,52,80,89,90,41,92,48,94,83,COLLINGWOOD_STOCKS
3000,209,46,208,70,207,104,215,47,216,70,217,116,CHADS_STOCKS
3000,88,36,86,60,84,96,92,36,94,59,96,109,JOHNS_STOCKS
3000,197,14,196,23,195,45,203,15,204,19,205,39,CASTLE_STOCKS
3000,139,11,136,24,133,43,145,13,148,23,151,31,CUTHS_STOCKS
3100,89,39,86,73,83,111,93,42,96,58,99,114,HATFIELD_STOCKS
3100,86,20,85,21,84,43,88,13,89,29,90,38,COLLINGWOOD_STOCKS
3100,213,20,211,39,209,53,215,18,217,34,219,61,CHADS_STOCKS
3100,87,41,84,72,81,144,89,43,92,77,95,133,JOHNS_STOCKS
3100,198,13,195,12,192,18,204,12,207,13,210,20,CASTLE_STOCKS
3100,139,40,138,79,137,151,145,43,146,72,147,114,CUTHS_STOCKS
3200,91,12,88,18,85,34,93,12,96,18,99,41,HATFIELD_STOCKS
3200,86,20,85,33,84,32,88,21,89,30,90,38,COLLINGWOOD_STOCKS
3200,210,28,209,42,208,52,214,23,215,35,216,47,CHADS_STOCKS
3200,84,48,83,66,82,119,88,44,89,62,90,104,JOHNS_STOCKS
3200,199,9,196,16,193,16,203,12,206,14,209,17,CASTLE_STOCKS
3200,139,29,136,46,133,100,145,30,148,51,151,81,CUTHS_STOCKS
3300,92,24,89,44,86,57,94,27,97,35,100,53,HATFIELD_STOCKS
3300,85,50,84,103,83,189,91,37,92,85,93,140,COLLINGWOOD_STOCKS
3300,209,18,206,35,203,53,213,18,216,36,219,58,CHADS_STOCKS
3300,84,23,81,28,78,49,88,27,91,26,94,47,JOHNS_STOCKS
3300,198,52,197,99,196,142,202,37,203,84,204,140,CASTLE_STOCKS
3300,139,26,137,39,135,61,143,30,145,41,147,61,CUTHS_STOCKS
3400,92,30,91,65,90,100,94,32,95,70,96,112,HATFIELD_STOCKS
3400,88,22,87,29,86,46,90,25,91,28,92,51,COLLINGWOOD_STOCKS
3400,207,9,206,18,205,21,213,9,214,13,215,24,CHADS_STOCKS
3400,83,15,81,22,79,39,85,14,87,27,89,42,JOHNS_STOCKS
3400,197,14,194,18,191,27,203,15,206,19,209,24,CASTLE_STOCKS
3400,140,23,137,55,134,85,142,29,145,54,148,96,CUTHS_STOCKS
3500,91,11,90,18,89,29,95,14,96,16,97,22,HATFIELD_STOCKS
3500,87,39,85,68,83,111,89,29,91,62,93,94,COLLINGWOOD_STOCKS
3500,210,35,209,67,208,102,212,33,213,53,214,106,CHADS_STOCKS
3500,83,33,82,45,81,105,85,41,86,61,87,73,JOHNS_STOCKS
3500,197,11,194,22,191,29,201,12,204,19,207,39,CASTLE_STOCKS
3500,138,50,136,49,134,96,144,40,146,59,148,73,CUTHS_STOCKS
3600,92,14,90,23,88,31,94,19,96,30,98,36,HATFIELD_STOCKS
3600,88,47,86,55,84,74,90,35,92,53,94,85,COLLINGWOOD_STOCKS
3600,210,36,209,54,208,67,212,44,213,59,214,82,CHADS_STOCKS
3600,84,14,83,25,82,41,86,12,87,24,88,39,JOHNS_STOCKS
3600,196,43,194,59,192,83,202,38,204,64,206,71,CASTLE_STOCKS
3600,140,37,139,48,138,95,144,42,145,49,146,95,CUTHS_STOCKS
3700,91,38,89,47,87,60,97,52,99,64,101,83,HATFIELD_STOCKS
3700,87,26,85,50,83,65,91,25,93,48,95,59,COLLINGWOOD_STOCKS
3700,207,26,205,56,203,89,213,36,215,58,217,116,CHADS_STOCKS
3700,82,29,80,70,78,92,84,30,86,70,88,90,JOHNS_STOCKS
3700,197,20,196,27,195,66,201,19,202,26,203,53,CASTLE_STOCKS
3700,141,29,138,57,135,109,143,28,146,46,149,87,CUTHS_STOCKS
3800,91,14,90,22,89,41,95,13,96,17,97,30,HATFIELD_STOCKS
3800,86,35,84,52,82,91,90,38,92,74,94,121,COLLINGWOOD_STOCKS
3800,207,50,205,106,203,177,211,42,213,89,215,177,CHADS_STOCKS
3800,81,21,78,30,75,47,83,18,86,29,89,50,JOHNS_STOCKS
3800,198,14,196,29,194,46,202,13,204,26,206,54,CASTLE_STOCKS
3800,141,33,139,41,137,54,145,25,147,43,149,51,CUTHS_STOCKS
3900,91,52,90,59,89,92,97,44,98,57,99,84,HATFIELD_STOCKS
3900,86,19,85,39,84,70,90,18,91,37,92,56,COLLINGWOOD_STOCKS
3900,206,47,205,54,204,59,210,32,211,57,212,63,CHADS_STOCKS
3900,79,13,78,21,77,31,85,18,86,20,87,26,JOHNS_STOCKS
3900,196,23,195,34,194,81,202,23,203,43,204,86,CASTLE_STOCKS
3900,141,35,138,40,135,58,145,26,148,35,151,44,CUTHS_STOCKS
4000,92,49,89,81,86,142,94,54,97,110,100,145,HATFIELD_STOCKS
4000,87,38,85,48,83,56,89,44,91,66,93,70,COLLINGWOOD_STOCKS
4000,206,43,204,81,202,145,210,41,212,89,214,148,CHADS_STOCKS
4000,78,10,75,22,72,31,84,8,87,20,90,44,JOHNS_STOCKS
4000,197,10,195,18,193,28,201,10,203,14,205,29,CASTLE_STOCKS
4000,139,56,136,89,133,214,145,59,148,102,151,193,CUTHS_STOCKS
4100,92,18,91,32,90,48,94,24,95,31,96,46,HATFIELD_STOCKS
4100,86,21,84,21,82,26,90,19,92,20,94,25,COLLINGWOOD_STOCKS
4100,208,16,206,16,204,18,210,12,212,18,214,17,CHADS_STOCKS
4100,80,51,79,88,78,154,86,50,87,68,88,122,JOHNS_STOCKS
4100,196,10,194,17,192,24,202,12,204,17,206,28,CASTLE_STOCKS
4100,141,30,138,55,135,97,145,37,148,53,151,90,CUTHS_STOCKS
4200,90,55,88,75,86,68,96,59,98,54,100,76,HATFIELD_STOCKS
4200,86,45,84,84,82,146,90,55,92,102,94,157,COLLINGWOOD_STOCKS
4200,207,35,204,61,201,118,209,51,212,66,215,110,CHADS_STOCKS
4200,80,43,77,57,74,71,84,45,87,55,90,83,JOHNS_STOCKS
4200,197,33,194,55,191,119,201,46,204,63,207,104,CASTLE_STOCKS
4200,142,40,141,62,140,90,144,48,145,60,146,96,CUTHS_STOCKS
4300,90,47,87,81,84,160,96,52,99,76,102,127,HATFIELD_STOCKS
4300,87,26,85,49,83,80,89,23,91,43,93,72,COLLINGWOOD_STOCKS
4300,206,14,204,25,202,33,208,15,210,18,212,29,CHADS_STOCKS
4300,83,51,82,50,81,58,87,40,88,54,89,72,JOHNS_STOCKS
4300,197,30,194,53,191,102,201,27,204,44,207,91,CASTLE_STOCKS
4300,141,34,140,60,139,101,145,37,146,59,147,87,CUTHS_STOCKS
4400,91,43,89,61,87,81,95,35,97,50,99,71,HATFIELD_STOCKS
4400,85,12,84,16,83,34,91,9,92,17,93,33,COLLINGWOOD_STOCKS
4400,204,21,203,21,202,31,210,20,211,25,212,31,CHADS_STOCKS
4400,82,13,79,21,76,25,86,14,89,16,92,29,JOHNS_STOCKS
4400,196,8,194,12,192,16,202,8,204,15,206,15,CASTLE_STOCKS
4400,140,11,139,13,138,29,144,11,145,14,146,28,CUTHS_STOCKS
4500,90,8,87,24,84,45,96,8,99,19,102,39,HATFIELD_STOCKS
4500,86,12,84,19,82,21,90,12,92,17,94,28,COLLINGWOOD_STOCKS
4500,205,20,204,38,203,51,207,20,208,32,209,56,CHADS_STOCKS
4500,82,34,79,54,76,87,86,39,89,52,92,81,JOHNS_STOCKS
4500,196,33,194,44,192,78,202,29,204,52,206,93,CASTLE_STOCKS
4500,141,18,140,26,139,39,145,14,146,21,147,49,CUTHS_STOCKS
4600,92,49,90,101,88,133,94,56,96,87,98,168,HATFIELD_STOCKS
4600,86,29,85,50,84,120,92,30,93,67,94,106,COLLINGWOOD_STOCKS
4600,201,32,198,65,195,69,207,37,210,46,213,90,CHADS_STOCKS
4600,82,43,80,86,78,133,86,40,88,66,90,146,JOHNS_STOCKS
4600,197,33,194,53,191,77,201,37,204,55,207,80,CASTLE_STOCKS
4600,140,27,139,51,138,80,142,29,143,38,144,94,CUTHS_STOCKS
4700,92,40,90,89,88,199,96,56,98,77,100,184,HATFIELD_STOCKS
4700,89,23,88,35,87,74,91,26,92,40,93,72,COLLINGWOOD_STOCKS
4700,202,40,200,54,198,150,204,39,206,71,208,157,CHADS_STOCKS
4700,82,23,79,43,76,65,86,33,89,42,92,61,JOHNS_STOCKS
4700,196,18,195,30,194,55,202,14,203,35,204,50,CASTLE_STOCKS
4700,141,20,140,28,139,37,143,17,144,20,145,38,CUTHS_STOCKS
4800,91,32,89,66,87,114,93,38,95,78,97,101,HATFIELD_STOCKS
4800,85,44,84,82,83,167,91,39,92,76,93,169,COLLINGWOOD_STOCKS
4800,203,31,200,71,197,111,207,30,210,57,213,118,CHADS_STOCKS
4800,83,24,81,41,79,70,85,28,87,48,89,62,JOHNS_STOCKS
4800,197,18,195,32,193,63,201,18,203,33,205,62,CASTLE_STOCKS
4800,139,13,137,19,135,42,143,12,145,25,147,39,CUTHS_STOCKS
4900,90,25,88,48,86,85,94,28,96,49,98,78,HATFIELD_STOCKS
4900,86,26,85,40,84,43,88,21,89,40,90,58,COLLINGWOOD_STOCKS
4900,203,18,200,39,197,91,207,19,210,43,213,70,CHADS_STOCKS
4900,84,46,81,45,78,83,86,33,89,65,92,72,JOHNS_STOCKS
4900,196,14,195,22,194,39,202,14,203,22,204,42,CASTLE_STOCKS
4900,139,20,137,40,135,51,143,27,145,30,147,51,CUTHS_STOCKS
5000,91,42,88,50,85,51,93,37,96,43,99,67,HATFIELD_STOCKS
5000,87,10,86,17,85,33,89,9,90,18,91,34,COLLINGWOOD_STOCKS
5000,204,25,201,49,198,91,206,30,209,48,212,112,CHADS_STOCKS
5000,83,21,80,38,77,65,87,23,90,36,93,47,JOHNS_STOCKS
5000,197,18,194,16,191,29,201,16,204,18,207,20,CASTLE_STOCKS
5000,138,30,136,47,134,57,144,25,146,36,148,76,CUTHS_STOCKS
5100,92,18,91,25,90,44,94,19,95,28,96,46,HATFIELD_STOCKS
5100,85,12,82,27,79,48,89,11,92,23,95,43,COLLINGWOOD_STOCKS
5100,204,30,203,50,202,75,208,35,209,65,210,80,CHADS_STOCKS
5100,83,19,81,33,79,64,85,19,87,43,89,71,JOHNS_STOCKS
5100,197,22,196,57,195,111,201,29,202,46,203,82,CASTLE_STOCKS
5100,140,22,139,34,138,56,142,19,143,29,144,58,CUTHS_STOCKS
5200,89,37,87,54,85,64,95,26,97,55,99,57,HATFIELD_STOCKS
5200,85,22,84,39,83,50,87,29,88,30,89,60,COLLINGWOOD_STOCKS
5200,205,31,202,38,199,43,211,36,214,37,217,52,CHADS_STOCKS
5200,84,22,82,34,80,43,86,16,88,32,90,35,JOHNS_STOCKS
5200,197,19,196,25,195,40,201,17,202,28,203,52,CASTLE_STOCKS
5200,139,28,138,49,137,80,145,26,146,37,147,67,CUTHS_STOCKS
5300,90,43,89,49,88,65,96,36,97,48,98,79,HATFIELD_STOCKS
5300,83,12,80,19,77,23,89,14,92,13,95,23,COLLINGWOOD_STOCKS
5300,207,14,204,22,201,30,211,16,214,24,217,30,CHADS_STOCKS
5300,82,21,80,55,78,83,88,29,90,53,92,67,JOHNS_STOCKS
5300,197,19,196,34,195,68,201,22,202,46,203,71,CASTLE_STOCKS
5300,139,27,138,58,137,84,143,27,144,52,145,78,CUTHS_STOCKS
5400,91,39,90,47,89,97,95,31,96,53,97,86,HATFIELD_STOCKS
5400,84,9,82,18,80,23,88,9,90,17,92,24,COLLINGWOOD_STOCKS
5400,206,12,203,20,200,25,210,11,213,19,216,31,CHADS_STOCKS
5400,81,11,79,15,77,19,87,11,89,13,91,19,JOHNS_STOCKS
5400,197,36,195,68,193,100,201,29,203,53,205,96,CASTLE_STOCKS
5400,138,26,136,33,134,59,142,19,144,33,146,81,CUTHS_STOCKS
5500,90,22,89,38,88,43,96,20,97,33,98,52,HATFIELD_STOCKS
5500,86,33,84,55,82,67,88,36,90,44,92,54,COLLINGWOOD_STOCKS
5500,207,24,204,45,201,72,209,22,212,39,215,87,CHADS_STOCKS
5500,83,39,80,60,77,110,87,36,90,67,93,104,JOHNS_STOCKS
5500,197,48,194,67,191,133,203,34,206,84,209,134,CASTLE_STOCKS
5500,139,13,136,16,133,20,141,12,144,15,147,24,CUTHS_STOCKS
5600,92,21,90,27,88,36,96,21,98,27,100,34,HATFIELD_STOCKS
5600,86,37,83,84,80,161,90,52,93,86,96,118,COLLINGWOOD_STOCKS
5600,204,37,201,53,198,77,210,31,213,48,216,86,CHADS_STOCKS
5600,83,9,80,16,77,24,87,12,90,13,93,20,JOHNS_STOCKS
5600,197,38,195,66,193,108,203,27,205,54,207,109,CASTLE_STOCKS
5600,138,37,137,56,136,70,142,38,143,56,144,75,CUTHS_STOCKS
5700,93,37,90,38,87,50,95,37,98,48,101,62,HATFIELD_STOCKS
5700,84,13,81,16,78,22,90,12,93,15,96,30,COLLINGWOOD_STOCKS
5700,205,41,202,80,199,166,209,54,212,109,215,207,CHADS_STOCKS
5700,82,14,81,23,80,39,86,15,87,24,88,36,JOHNS_STOCKS
5700,197,24,196,53,195,64,203,31,204,48,205,76,CASTLE_STOCKS
5700,138,16,137,27,136,28,140,18,141,22,142,40,CUTHS_STOCKS
5800,92,59,89,102,86,178,96,50,99,104,102,151,HATFIELD_STOCKS
5800,86,21,84,29,82,46,90,26,92,33,94,41,COLLINGWOOD_STOCKS
5800,205,43,202,62,199,85,211,40,214,59,217,80,CHADS_STOCKS
5800,83,46,81,88,79,159,85,36,87,81,89,166,JOHNS_STOCKS
5800,197,42,196,87,195,196,203,40,204,80,205,176,CASTLE_STOCKS
5800,137,59,135,83,133,115,143,58,145,75,147,145,CUTHS_STOCKS
5900,92,34,90,45,88,63,98,30,100,48,102,76,HATFIELD_STOCKS
5900,87,50,84,69,81,88,89,38,92,64,95,86,COLLINGWOOD_STOCKS
5900,209,8,207,11,205,16,211,9,213,14,215,14,CHADS_STOCKS
5900,85,55,82,82,79,189,87,45,90,100,93,192,JOHNS_STOCKS
5900,197,26,196,44,195,59,203,22,204,35,205,58,CASTLE_STOCKS
5900,139,40,137,59,135,88,141,40,143,53,145,62,CUTHS_STOCKS
6000,93,12,90,18,87,21,97,13,100,20,103,20,HATFIELD_STOCKS
6000,88,44,87,61,86,142,90,47,91,73,92,135,COLLINGWOOD_STOCKS
6000,208,11,205,15,202,18,212,14,215,16,218,25,CHADS_STOCKS
6000,85,39,84,56,83,87,87,48,88,54,89,70,JOHNS_STOCKS
6000,197,47,194,77,191,130,203,55,206,90,209,150,CASTLE_STOCKS
6000,140,23,137,47,134,104,142,25,145,52,148,101,CUTHS_STOCKS
6100,94,47,91,91,88,144,96,43,99,98,102,151,HATFIELD_STOCKS
6100,88,46,86,78,84,175,90,38,92,103,94,190,COLLINGWOOD_STOCKS
6100,208,56,205,63,202,67,210,45,213,68,216,60,CHADS_STOCKS
6100,84,23,81,36,78,69,86,21,89,44,92,90,JOHNS_STOCKS
6100,198,54,195,74,192,142,202,50,205,69,208,127,CASTLE_STOCKS
6100,139,29,136,36,133,39,145,23,148,29,151,52,CUTHS_STOCKS
6200,95,32,94,50,93,66,97,24,98,49,99,60,HATFIELD_STOCKS
6200,85,19,84,40,83,68,91,24,92,32,93,52,COLLINGWOOD_STOCKS
6200,206,23,204,39,202,41,210,24,212,36,214,41,CHADS_STOCKS
6200,83,22,81,33,79,51,87,22,89,28,91,51,JOHNS_STOCKS
6200,199,37,197,92,195,178,203,41,205,92,207,147,CASTLE_STOCKS
6200,139,29,137,66,135,130,145,41,147,54,149,113,CUTHS_STOCKS
6300,94,49,92,91,90,100,98,56,100,70,102,120,HATFIELD_STOCKS
6300,87,48,85,72,83,128,89,39,91,70,93,115,COLLINGWOOD_STOCKS
6300,205,31,203,44,201,72,209,28,211,45,213,92,CHADS_STOCKS
6300,83,46,81,50,79,59,87,36,89,54,91,64,JOHNS_STOCKS
6300,199,16,198,21,197,32,203,13,204,19,205,37,CASTLE_STOCKS
6300,141,23,140,32,139,36,145,27,146,26,147,50,CUTHS_STOCKS
6400,93,24,91,43,89,71,99,31,101,50,103,76,HATFIELD_STOCKS
6400,86,26,84,53,82,97,92,31,94,49,96,122,COLLINGWOOD_STOCKS
6400,206,45,204,91,202,119,210,48,212,64,214,131,CHADS_STOCKS
6400,85,24,83,39,81,82,91,22,93,42,95,88,JOHNS_STOCKS
6400,199,11,198,24,197,48,203,11,204,19,205,50,CASTLE_STOCKS
6400,140,16,137,28,134,48,146,19,149,30,152,49,CUTHS_STOCKS
6500,96,34,94,84,92,133,98,47,100,71,102,139,HATFIELD_STOCKS
6500,89,49,88,52,87,94,91,48,92,55,93,96,COLLINGWOOD_STOCKS
6500,204,15,203,34,202,87,210,20,211,43,212,76,CHADS_STOCKS
6500,85,37,84,81,83,132,91,32,92,73,93,105,JOHNS_STOCKS
6500,198,25,197,34,196,70,204,26,205,46,206,60,CASTLE_STOCKS
6500,140,31,138,65,136,146,144,42,146,55,148,108,CUTHS_STOCKS
6600,95,51,92,64,89,79,97,38,100,59,103,114,HATFIELD_STOCKS
6600,87,35,85,54,83,79,91,40,93,63,95,97,COLLINGWOOD_STOCKS
6600,208,32,207,45,206,59,210,35,211,39,212,70,CHADS_STOCKS
6600,86,45,83,104,80,179,90,53,93,101,96,183,JOHNS_STOCKS
6600,199,23,196,32,193,57,203,31,206,41,209,50,CASTLE_STOCKS
6600,138,45,136,51,134,68,142,42,144,46,146,93,CUTHS_STOCKS
6700,95,10,92,15,89,28,97,11,100,19,103,24,HATFIELD_STOCKS
6700,87,31,84,40,81,82,89,27,92,55,95,79,COLLINGWOOD_STOCKS
6700,205,31,203,44,201,60,209,27,211,43,213,68,CHADS_STOCKS
6700,85,38,84,55,83,78,89,38,90,57,91,68,JOHNS_STOCKS
6700,199,48,197,71,195,99,203,39,205,77,207,120,CASTLE_STOCKS
6700,140,37,138,61,136,84,142,43,144,64,146,100,CUTHS_STOCKS
6800,95,10,92,25,89,45,99,11,102,18,105,53,HATFIELD_STOCKS
6800,87,13,86,23,85,33,91,10,92,17,93,33,COLLINGWOOD_STOCKS
6800,206,12,203,11,200,17,208,12,211,15,214,21,CHADS_STOCKS
6800,87,11,84,15,81,29,89,10,92,13,95,21,JOHNS_STOCKS
6800,199,39,197,68,195,143,205,45,207,93,209,147,CASTLE_STOCKS
6800,139,8,138,16,137,45,143,9,144,24,145,41,CUTHS_STOCKS
6900,95,26,93,45,91,57,99,34,101,46,103,44,HATFIELD_STOCKS
6900,87,36,85,64,83,82,91,33,93,54,95,105,COLLINGWOOD_STOCKS
6900,206,27,203,38,200,76,210,30,213,41,216,60,CHADS_STOCKS
6900,87,19,86,32,85,53,91,14,92,35,93,58,JOHNS_STOCKS
6900,199,31,197,38,195,61,205,30,207,49,209,57,CASTLE_STOCKS
6900,140,23,139,21,138,33,144,20,145,23,146,32,CUTHS_STOCKS
7000,94,19,92,40,90,68,100,16,102,35,104,77,HATFIELD_STOCKS
7000,88,24,85,51,82,69,90,25,93,40,96,82,COLLINGWOOD_STOCKS
7000,209,26,206,46,203,58,213,24,216,40,219,49,CHADS_STOCKS
7000,90,27,88,40,86,53,92,29,94,38,96,45,JOHNS_STOCKS
7000,199,53,197,77,195,145,203,50,205,88,207,126,CASTLE_STOCKS
7000,139,26,137,40,135,65,143,24,145,37,147,90,CUTHS_STOCKS
7100,94,32,91,60,88,85,98,39,101,55,104,95,HATFIELD_STOCKS
7100,86,20,85,32,84,37,92,20,93,29,94,36,COLLINGWOOD_STOCKS
7100,210,25,207,34,204,67,212,22,215,36,218,65,CHADS_STOCKS
7100,92,40,90,58,88,92,96,52,98,65,100,83,JOHNS_STOCKS
7100,198,25,197,30,196,43,204,18,205,31,206,36,CASTLE_STOCKS
7100,139,15,136,33,133,64,143,17,146,34,149,60,CUTHS_STOCKS
7200,96,36,94,62,92,80,98,34,100,52,102,74,HATFIELD_STOCKS
7200,88,19,86,41,84,59,90,14,92,40,94,61,COLLINGWOOD_STOCKS
7200,209,25,207,40,205,66,215,33,217,44,219,69,CHADS_STOCKS
7200,93,37,91,46,89,65,97,32,99,44,101,91,JOHNS_STOCKS
7200,198,38,195,63,192,100,204,39,207,53,210,96,CASTLE_STOCKS
7200,139,50,137,83,135,181,141,34,143,96,145,188,CUTHS_STOCKS
7300,95,34,92,59,89,90,97,41,100,56,103,93,HATFIELD_STOCKS
7300,86,36,83,51,80,74,92,26,95,50,98,81,COLLINGWOOD_STOCKS
7300,209,12,207,19,205,29,211,11,213,16,215,28,CHADS_STOCKS
7300,93,30,91,46,89,69,97,25,99,43,101,69,JOHNS_STOCKS
7300,200,19,199,32,198,43,204,14,205,25,206,42,CASTLE_STOCKS
7300,140,41,138,73,136,78,142,53,144,59,146,104,CUTHS_STOCKS
7400,94,20,93,23,92,25,98,18,99,24,100,29,HATFIELD_STOCKS
7400,87,24,84,54,81,95,89,24,92,47,95,77,COLLINGWOOD_STOCKS
7400,208,13,206,20,204,26,210,11,212,15,214,28,CHADS_STOCKS
7400,96,26,94,44,92,61,98,32,100,41,102,52,JOHNS_STOCKS
7400,199,26,196,50,193,84,205,31,208,53,211,86,CASTLE_STOCKS
7400,139,29,138,57,137,67,143,29,144,43,145,82,CUTHS_STOCKS
7500,95,42,92,61,89,107,97,51,100,77,103,92,HATFIELD_STOCKS
7500,86,17,85,27,84,48,92,17,93,39,94,58,COLLINGWOOD_STOCKS
7500,209,32,208,32,207,54,213,34,214,42,215,55,CHADS_STOCKS
7500,95,47,93,82,91,144,99,37,101,100,103,167,JOHNS_STOCKS
7500,200,39,199,82,198,125,204,45,205,59,206,122,CASTLE_STOCKS
7500,139,41,136,58,133,67,145,37,148,62,151,89,CUTHS_STOCKS
7600,93,15,91,19,89,20,97,15,99,15,101,23,HATFIELD_STOCKS
7600,87,38,85,51,83,69,91,39,93,52,95,75,COLLINGWOOD_STOCKS
7600,208,37,207,56,206,71,214,40,215,51,216,84,CHADS_STOCKS
7600,96,45,95,66,94,97,100,45,101,63,102,108,JOHNS_STOCKS
7600,200,47,199,78,198,141,206,42,207,80,208,137,CASTLE_STOCKS
7600,141,10,139,12,137,18,143,9,145,13,147,19,CUTHS_STOCKS
7700,93,23,91,35,89,56,97,26,99,38,101,54,HATFIELD_STOCKS
7700,88,16,87,38,86,75,90,15,91,36,92,62,COLLINGWOOD_STOCKS
7700,208,10,206,18,204,29,212,9,214,22,216,28,CHADS_STOCKS
7700,97,29,96,50,95,72,99,28,100,41,101,79,JOHNS_STOCKS
7700,201,37,199,54,197,118,205,34,207,66,209,92,CASTLE_STOCKS
7700,141,20,138,41,135,58,145,22,148,39,151,68,CUTHS_STOCKS
7800,92,23,90,37,88,79,94,26,96,48,98,75,HATFIELD_STOCKS
7800,86,38,85,64,84,115,90,37,91,87,92,157,COLLINGWOOD_STOCKS
7800,208,39,205,79,202,120,214,51,217,65,220,110,CHADS_STOCKS
7800,96,41,95,49,94,60,98,34,99,56,100,81,JOHNS_STOCKS
7800,200,13,198,27,196,44,206,13,208,23,210,38,CASTLE_STOCKS
7800,142,27,139,46,136,80,144,19,147,49,150,99,CUTHS_STOCKS
7900,91,28,88,35,85,42,97,30,100,42,103,45,HATFIELD_STOCKS
7900,86,24,83,58,80,75,90,30,93,49,96,105,COLLINGWOOD_STOCKS
7900,212,13,209,17,206,43,214,10,217,21,220,32,CHADS_STOCKS
7900,93,18,90,21,87,25,99,20,102,20,105,30,JOHNS_STOCKS
7900,202,43,201,76,200,108,206,53,207,86,208,106,CASTLE_STOCKS
7900,142,15,141,20,140,41,146,17,147,27,148,30,CUTHS_STOCKS
8000,92,20,91,49,90,106,96,23,97,47,98,110,HATFIELD_STOCKS
8000,88,18,85,39,82,60,90,22,93,32,96,56,COLLINGWOOD_STOCKS
8000,212,29,209,70,206,130,216,36,219,64,222,106,CHADS_STOCKS
8000,95,35,94,67,93,164,97,39,98,68,99,155,JOHNS_STOCKS
8000,202,42,201,58,200,117,206,37,207,76,208,127,CASTLE_STOCKS
8000,143,43,142,99,141,166,145,39,146,100,147,168,CUTHS_STOCKS
8100,92,30,90,48,88,114,96,29,98,65,100,99,HATFIELD_STOCKS
8100,88,24,85,30,82,61,90,25,93,34,96,54,COLLINGWOOD_STOCKS
8100,212,22,209,27,206,34,214,18,217,24,220,29,CHADS_STOCKS
8100,94,48,91,65,88,78,96,45,99,59,102,58,JOHNS_STOCKS
8100,201,21,198,33,195,63,207,20,210,43,213,63,CASTLE_STOCKS
8100,144,42,143,71,142,145,146,33,147,68,148,102,CUTHS_STOCKS
8200,92,31,91,60,90,121,96,33,97,61,98,88,HATFIELD_STOCKS
8200,86,48,85,94,84,177,92,48,93,106,94,144,COLLINGWOOD_STOCKS
8200,210,44,207,60,204,66,214,38,217,58,220,61,CHADS_STOCKS
8200,92,21,90,24,88,39,96,19,98,28,100,36,JOHNS_STOCKS
8200,202,47,201,62,200,80,206,37,207,46,208,82,CASTLE_STOCKS
8200,144,19,141,35,138,49,146,25,149,28,152,57,CUTHS_STOCKS
8300,91,46,89,68,87,152,95,44,97,72,99,177,HATFIELD_STOCKS
8300,86,18,83,34,80,45,90,19,93,38,96,52,COLLINGWOOD_STOCKS
8300,210,11,208,13,206,22,212,13,214,19,216,20,CHADS_STOCKS
8300,88,44,86,81,84,90,94,43,96,82,98,86,JOHNS_STOCKS
8300,201,31,199,44,197,47,207,21,209,46,211,45,CASTLE_STOCKS
8300,142,34,140,59,138,87,148,27,150,46,152,78,CUTHS_STOCKS
8400,92,52,89,51,86,96,94,37,97,63,100,89,HATFIELD_STOCKS
8400,85,57,82,70,79,87,91,49,94,52,97,73,COLLINGWOOD_STOCKS
8400,209,23,208,29,207,31,213,18,214,27,215,41,CHADS_STOCKS
8400,89,23,86,37,83,46,91,23,94,28,97,42,JOHNS_STOCKS
8400,202,25,201,38,200,54,206,27,207,40,208,78,CASTLE_STOCKS
8400,144,12,141,16,138,25,146,12,149,21,152,23,CUTHS_STOCKS
8500,91,53,89,77,87,156,95,52,97,71,99,159,HATFIELD_STOCKS
8500,87,9,86,12,85,13,89,9,90,10,91,17,COLLINGWOOD_STOCKS
8500,209,18,206,40,203,69,213,23,216,40,219,71,CHADS_STOCKS
8500,90,19,87,25,84,42,92,22,95,30,98,38,JOHNS_STOCKS
8500,201,48,199,61,197,91,207,36,209,52,211,89,CASTLE_STOCKS
8500,143,18,140,30,137,31,147,17,150,24,153,34,CUTHS_STOCKS
8600,91,41,90,58,89,67,93,40,94,52,95,74,HATFIELD_STOCKS
8600,87,19,86,26,85,46,91,14,92,27,93,55,COLLINGWOOD_STOCKS
8600,210,12,209,20,208,33,212,14,213,21,214,37,CHADS_STOCKS
8600,88,40,86,60,84,118,94,34,96,80,98,135,JOHNS_STOCKS
8600,203,30,202,40,201,64,207,27,208,51,209,61,CASTLE_STOCKS
8600,142,50,140,90,138,129,146,51,148,74,150,156,CUTHS_STOCKS
8700,90,33,89,49,88,78,96,26,97,54,98,73,HATFIELD_STOCKS
8700,86,17,84,32,82,54,92,18,94,29,96,57,COLLINGWOOD_STOCKS
8700,211,37,209,70,207,100,215,48,217,62,219,108,CHADS_STOCKS
8700,90,9,88,23,86,40,92,9,94,23,96,39,JOHNS_STOCKS
8700,201,30,198,43,195,39,207,33,210,32,213,48,CASTLE_STOCKS
8700,143,32,140,43,137,66,145,33,148,54,151,52,CUTHS_STOCKS
8800,92,44,91,47,90,71,94,39,95,59,96,73,HATFIELD_STOCKS
8800,87,31,84,58,81,66,91,39,94,51,97,76,COLLINGWOOD_STOCKS
8800,214,28,213,53,212,79,218,40,219,46,220,86,CHADS_STOCKS
8800,88,35,86,75,84,155,90,30,92,78,94,128,JOHNS_STOCKS
8800,201,41,198,69,195,154,207,44,210,90,213,135,CASTLE_STOCKS
8800,142,37,139,76,136,95,148,53,151,82,154,107,CUTHS_STOCKS
8900,92,31,89,47,86,64,96,34,99,36,102,60,HATFIELD_STOCKS
8900,88,10,87,20,86,26,92,10,93,16,94,26,COLLINGWOOD_STOCKS
8900,216,43,215,87,214,155,218,48,219,82,220,148,CHADS_STOCKS
8900,87,33,85,54,83,74,89,31,91,45,93,102,JOHNS_STOCKS
8900,202,9,200,14,198,13,206,11,208,10,210,18,CASTLE_STOCKS
8900,143,29,142,82,141,115,147,29,148,77,149,112,CUTHS_STOCKS
9000,92,41,91,58,90,76,96,52,97,70,98,81,HATFIELD_STOCKS
9000,87,36,85,67,83,97,91,31,93,71,95,115,COLLINGWOOD_STOCKS
9000,216,25,215,32,214,36,220,26,221,30,222,37,CHADS_STOCKS
9000,85,11,84,21,83,28,89,12,90,18,91,32,JOHNS_STOCKS
9000,201,45,199,61,197,79,207,40,209,53,211,85,CASTLE_STOCKS
9000,142,20,140,42,138,76,146,26,148,47,150,73,CUTHS_STOCKS
9100,93,46,91,56,89,63,95,37,97,54,99,73,HATFIELD_STOCKS
9100,86,49,83,73,80,119,92,38,95,85,98,138,COLLINGWOOD_STOCKS
9100,215,29,213,44,211,90,221,25,223,54,225,93,CHADS_STOCKS
9100,82,18,81,29,80,52,88,22,89,33,90,41,JOHNS_STOCKS
9100,201,50,199,71,197,102,207,39,209,55,211,103,CASTLE_STOCKS
9100,140,35,137,74,134,129,146,38,149,77,152,144,CUTHS_STOCKS
9200,89,23,87,54,85,113,95,24,97,49,99,104,HATFIELD_STOCKS
9200,87,8,86,18,85,30,89,10,90,18,91,21,COLLINGWOOD_STOCKS
9200,214,36,213,45,212,44,220,26,221,36,222,44,CHADS_STOCKS
9200,85,49,84,61,83,74,89,40,90,49,91,77,JOHNS_STOCKS
9200,203,28,200,52,197,111,207,28,210,53,213,89,CASTLE_STOCKS
9200,142,19,140,19,138,31,144,15,146,25,148,34,CUTHS_STOCKS
9300,91,34,90,60,89,78,95,33,96,49,97,105,HATFIELD_STOCKS
9300,87,34,85,66,83,135,89,34,91,51,93,142,COLLINGWOOD_STOCKS
9300,216,24,214,35,212,65,218,20,220,38,222,74,CHADS_STOCKS
9300,87,24,86,41,85,44,89,33,90,45,91,50,JOHNS_STOCKS
9300,202,21,201,46,200,66,208,19,209,40,210,83,CASTLE_STOCKS
9300,141,18,139,34,137,70,145,21,147,34,149,69,CUTHS_STOCKS
9400,91,12,88,16,85,18,95,13,98,13,101,19,HATFIELD_STOCKS
9400,86,34,83,61,80,65,90,43,93,58,96,68,COLLINGWOOD_STOCKS
9400,216,38,214,78,212,164,218,44,220,64,222,139,CHADS_STOCKS
9400,86,17,83,18,80,20,88,13,91,21,94,18,JOHNS_STOCKS
9400,203,48,201,58,199,126,207,36,209,60,211,105,CASTLE_STOCKS
9400,142,37,141,71,140,104,144,47,145,81,146,132,CUTHS_STOCKS
9500,92,13,90,29,88,53,96,16,98,24,100,57,HATFIELD_STOCKS
9500,87,39,86,55,85,97,91,29,92,46,93,80,COLLINGWOOD_STOCKS
9500,215,27,212,42,209,75,219,22,222,40,225,75,CHADS_STOCKS
9500,85,40,83,62,81,84,91,55,93,72,95,82,JOHNS_STOCKS
9500,202,18,201,20,200,27,208,22,209,28,210,30,CASTLE_STOCKS
9500,142,11,139,24,136,63,144,11,147,32,150,51,CUTHS_STOCKS
9600,91,31,89,42,87,49,95,25,97,33,99,40,HATFIELD_STOCKS
9600,86,21,83,36,80,54,92,24,95,35,98,40,COLLINGWOOD_STOCKS
9600,218,29,216,51,214,104,220,25,222,60,224,97,CHADS_STOCKS
9600,88,9,87,13,86,18,92,11,93,11,94,20,JOHNS_STOCKS
9600,203,47,200,81,197,108,207,50,210,61,213,106,CASTLE_STOCKS
9600,142,14,140,24,138,52,144,15,146,28,148,48,CUTHS_STOCKS
9700,92,16,89,19,86,23,94,14,97,17,100,31,HATFIELD_STOCKS
9700,87,26,84,46,81,54,91,33,94,48,97,66,COLLINGWOOD_STOCKS
9700,217,50,214,65,211,69,219,39,222,64,225,78,CHADS_STOCKS
9700,88,31,86,59,84,100,92,31,94,57,96,85,JOHNS_STOCKS
9700,203,29,200,77,197,143,207,30,210,63,213,156,CASTLE_STOCKS
9700,141,27,138,67,135,105,145,29,148,53,151,105,CUTHS_STOCKS
9800,93,29,92,40,91,79,95,28,96,49,97,95,HATFIELD_STOCKS
9800,88,20,85,49,82,105,90,28,93,40,96,103,COLLINGWOOD_STOCKS
9800,215,52,214,44,213,65,219,39,220,62,221,74,CHADS_STOCKS
9800,86,27,85,54,84,80,92,33,93,67,94,97,JOHNS_STOCKS
9800,203,33,200,55,197,123,207,35,210,57,213,111,CASTLE_STOCKS
9800,140,39,139,62,138,83,146,42,147,54,148,94,CUTHS_STOCKS
9900,91,39,88,56,85,77,97,33,100,51,103,80,HATFIELD_STOCKS
9900,88,36,86,43,84,74,92,31,94,61,96,99,COLLINGWOOD_STOCKS
9900,213,26,210,49,207,71,219,19,222,46,225,93,CHADS_STOCKS
9900,86,40,83,50,80,72,90,31,93,43,96,78,JOHNS_STOCKS
9900,202,47,199,72,196,122,208,34,211,85,214,129,CASTLE_STOCKS
9900,142,15,140,18,138,32,146,16,148,18,150,35,CUTHS_STOCKS
10000,92,17,91,22,90,47,96,12,97,26,98,40,HATFIELD_STOCKS
10000,88,19,87,16,86,27,90,16,91,22,92,22,COLLINGWOOD_STOCKS
10000,213,15,211,19,209,21,219,12,221,15,223,22,CHADS_STOCKS
10000,88,36,86,51,84,70,92,47,94,48,96,51,JOHNS_STOCKS
10000,202,16,200,30,198,34,208,17,210,22,212,29,CASTLE_STOCKS
10000,142,35,141,53,140,72,146,41,147,62,148,69,CUTHS_STOCKS
10100,93,19,91,40,89,79,95,28,97,54,99,88,HATFIELD_STOCKS
10100,88,40,85,87,82,107,90,53,93,86,96,114,COLLINGWOOD_STOCKS
10100,211,27,208,41,205,108,213,21,216,51,219,96,CHADS_STOCKS
10100,86,14,85,25,84,29,90,12,91,22,92,30,JOHNS_STOCKS
10100,202,25,200,25,198,38,208,20,210,33,212,43,CASTLE_STOCKS
10100,142,11,140,20,138,36,144,9,146,20,148,40,CUTHS_STOCKS
10200,90,24,89,45,88,79,96,26,97,47,98,81,HATFIELD_STOCKS
10200,86,58,84,102,82,195,92,56,94,83,96,195,COLLINGWOOD_STOCKS
10200,210,21,209,49,208,64,214,22,215,45,216,67,CHADS_STOCKS
10200,89,33,87,50,85,82,93,31,95,60,97,80,JOHNS_STOCKS
10200,203,40,202,87,201,121,207,45,208,89,209,120,CASTLE_STOCKS
10200,141,51,140,66,139,128,143,41,144,64,145,145,CUTHS_STOCKS
10300,90,17,87,33,84,59,96,18,99,32,102,66,HATFIELD_STOCKS
10300,87,21,84,41,81,94,89,23,92,49,95,77,COLLINGWOOD_STOCKS
10300,209,15,206,25,203,57,213,17,216,29,219,56,CHADS_STOCKS
10300,91,41,88,69,85,70,93,37,96,52,99,86,JOHNS_STOCKS
10300,202,24,200,27,198,56,208,25,210,38,212,58,CASTLE_STOCKS
10300,143,40,140,45,137,67,145,36,148,47,151,72,CUTHS_STOCKS
10400,92,22,89,34,86,31,94,23,97,27,100,35,HATFIELD_STOCKS
10400,85,9,83,17,81,18,91,11,93,13,95,18,COLLINGWOOD_STOCKS
10400,206,50,205,79,204,153,212,50,213,68,214,114,CHADS_STOCKS
10400,89,20,86,45,83,71,93,21,96,49,99,87,JOHNS_STOCKS
10400,202,29,200,60,198,78,206,30,208,57,210,102,CASTLE_STOCKS
10400,140,31,138,36,136,65,146,25,148,50,150,51,CUTHS_STOCKS
10500,92,36,91,67,90,101,96,35,97,56,98,95,HATFIELD_STOCKS
10500,87,16,84,30,81,42,89,19,92,34,95,56,COLLINGWOOD_STOCKS
10500,208,44,205,63,202,108,212,39,215,56,218,90,CHADS_STOCKS
10500,86,22,84,30,82,51,90,22,92,35,94,39,JOHNS_STOCKS
10500,202,36,201,92,200,148,208,39,209,70,210,138,CASTLE_STOCKS
10500,141,49,139,49,137,65,145,45,147,70,149,73,CUTHS_STOCKS
10600,92,32,91,43,90,51,98,23,99,43,100,55,HATFIELD_STOCKS
10600,88,11,85,18,82,19,92,14,95,18,98,19,COLLINGWOOD_STOCKS
10600,204,9,202,19,200,41,210,8,212,21,214,32,CHADS_STOCKS
10600,87,40,86,44,85,86,89,41,90,51,91,82,JOHNS_STOCKS
10600,203,49,201,62,199,74,207,50,209,69,211,73,CASTLE_STOCKS
10600,140,53,138,67,136,159,146,52,148,95,150,156,CUTHS_STOCKS
10700,94,17,93,46,92,74,98,16,99,41,100,85,HATFIELD_STOCKS
10700,88,38,87,60,86,117,92,31,93,71,94,136,COLLINGWOOD_STOCKS
10700,205,38,204,57,203,113,209,36,210,68,211,101,CHADS_STOCKS
10700,85,28,83,43,81,94,91,29,93,45,95,76,JOHNS_STOCKS
10700,203,11,200,17,197,32,207,11,210,19,213,43,CASTLE_STOCKS
10700,141,49,140,49,139,71,145,53,146,53,147,77,CUTHS_STOCKS
10800,95,15,94,27,93,43,97,16,98,29,99,51,HATFIELD_STOCKS
10800,90,23,87,39,84,52,92,21,95,30,98,66,COLLINGWOOD_STOCKS
10800,206,30,205,62,204,106,210,37,211,70,212,114,CHADS_STOCKS
10800,88,52,85,100,82,152,90,45,93,70,96,138,JOHNS_STOCKS
10800,203,15,202,20,201,19,207,15,208,21,209,18,CASTLE_STOCKS
10800,142,17,140,33,138,61,146,13,148,33,150,46,CUTHS_STOCKS
10900,96,13,95,26,94,39,100,15,101,20,102,48,HATFIELD_STOCKS
10900,90,39,88,45,86,71,94,43,96,51,98,90,COLLINGWOOD_STOCKS
10900,205,55,202,65,199,84,211,47,214,62,217,94,CHADS_STOCKS
10900,88,36,85,62,82,91,90,53,93,67,96,83,JOHNS_STOCKS
10900,202,15,201,33,200,56,208,21,209,39,210,67,CASTLE_STOCKS
10900,141,46,139,64,137,127,145,39,147,64,149,117,CUTHS_STOCKS
11000,95,42,94,81,93,196,101,57,102,90,103,184,HATFIELD_STOCKS
11000,90,17,88,38,86,79,94,20,96,36,98,57,COLLINGWOOD_STOCKS
11000,206,42,204,47,202,69,210,39,212,46,214,69,CHADS_STOCKS
11000,85,34,82,39,79,72,89,34,92,43,95,74,JOHNS_STOCKS
11000,201,47,198,60,195,100,207,36,210,65,213,81,CASTLE_STOCKS
11000,141,56,140,69,139,91,143,41,144,58,145,74,CUTHS_STOCKS
11100,97,26,94,37,91,58,99,32,102,34,105,51,HATFIELD_STOCKS
11100,90,42,89,68,88,150,94,43,95,73,96,124,COLLINGWOOD_STOCKS
11100,208,12,207,19,206,27,210,11,211,17,212,29,CHADS_STOCKS
11100,85,30,84,47,83,92,89,33,90,52,91,99,JOHNS_STOCKS
11100,202,26,200,60,198,90,208,30,210,45,212,89,CASTLE_STOCKS
11100,139,13,136,23,133,38,145,14,148,18,151,29,CUTHS_STOCKS
11200,97,27,96,35,95,67,99,26,100,49,101,76,HATFIELD_STOCKS
11200,90,27,88,38,86,58,94,27,96,28,98,43,COLLINGWOOD_STOCKS
11200,207,19,204,52,201,94,211,25,214,36,217,79,CHADS_STOCKS
11200,86,48,83,62,80,68,90,42,93,57,96,66,JOHNS_STOCKS
11200,203,14,201,19,199,34,207,15,209,19,211,25,CASTLE_STOCKS
11200,140,37,139,66,138,86,144,50,145,55,146,100,CUTHS_STOCKS
11300,95,21,94,30,93,77,99,15,100,34,101,58,HATFIELD_STOCKS
11300,91,34,88,45,85,50,93,32,96,43,99,59,COLLINGWOOD_STOCKS
11300,204,53,201,82,198,178,208,51,211,77,214,173,CHADS_STOCKS
11300,84,27,82,43,80,77,88,23,90,39,92,61,JOHNS_STOCKS
11300,202,25,199,45,196,63,206,29,209,40,212,78,CASTLE_STOCKS
11300,141,13,139,19,137,29,143,10,145,20,147,22,CUTHS_STOCKS
11400,95,22,92,31,89,50,97,21,100,28,103,40,HATFIELD_STOCKS
11400,89,38,86,45,83,71,95,35,98,50,101,65,COLLINGWOOD_STOCKS
11400,205,36,204,48,203,69,209,34,210,45,211,85,CHADS_STOCKS
11400,86,23,83,48,80,72,88,28,91,50,94,75,JOHNS_STOCKS
11400,203,20,200,38,197,78,207,18,210,41,213,60,CASTLE_STOCKS
11400,139,19,136,19,133,28,143,16,146,20,149,23,CUTHS_STOCKS
11500,95,58,92,80,89,169,99,53,102,100,105,123,HATFIELD_STOCKS
11500,91,20,90,31,89,77,93,17,94,33,95,69,COLLINGWOOD_STOCKS
11500,203,28,201,42,199,61,209,26,211,36,213,57,CHADS_STOCKS
11500,85,10,84,17,83,42,89,11,90,22,91,29,JOHNS_STOCKS
11500,201,29,200,61,199,164,207,36,208,58,209,122,CASTLE_STOCKS
11500,139,28,137,33,135,29,145,28,147,28,149,41,CUTHS_STOCKS
11600,95,34,94,53,93,100,99,38,100,53,101,105,HATFIELD_STOCKS
11600,91,14,88,31,85,69,95,15,98,33,101,49,COLLINGWOOD_STOCKS
11600,206,10,204,19,202,23,208,9,210,21,212,31,CHADS_STOCKS
11600,85,16,84,28,83,62,87,20,88,35,89,70,JOHNS_STOCKS
11600,202,26,199,43,196,98,206,26,209,44,212,92,CASTLE_STOCKS
11600,141,41,138,57,135,89,143,45,146,62,149,97,CUTHS_STOCKS
11700,95,32,93,39,91,50,99,37,101,42,103,54,HATFIELD_STOCKS
11700,91,22,89,33,87,43,95,21,97,28,99,44,COLLINGWOOD_STOCKS
11700,204,14,203,26,202,35,210,20,211,22,212,41,CHADS_STOCKS
11700,84,51,81,101,78,159,88,48,91,91,94,149,JOHNS_STOCKS
11700,202,40,199,90,196,162,206,42,209,95,212,167,CASTLE_STOCKS
11700,140,43,137,47,134,103,144,40,147,56,150,75,CUTHS_STOCKS
11800,96,10,95,15,94,21,98,12,99,15,100,19,HATFIELD_STOCKS
11800,91,44,90,60,89,66,93,42,94,42,95,77,COLLINGWOOD_STOCKS
11800,204,41,202,70,200,98,206,49,208,54,210,95,CHADS_STOCKS
11800,85,38,84,71,83,89,89,45,90,62,91,102,JOHNS_STOCKS
11800,202,12,201,23,200,42,206,11,207,22,208,43,CASTLE_STOCKS
11800,142,39,139,72,136,150,144,37,147,76,150,111,CUTHS_STOCKS
11900,96,41,95,75,94,134,102,57,103,88,104,144,HATFIELD_STOCKS
11900,92,41,91,81,90,164,96,47,97,83,98,148,COLLINGWOOD_STOCKS
11900,204,11,202,14,200,19,208,11,210,14,212,23,CHADS_STOCKS
11900,86,39,83,59,80,91,88,35,91,60,94,70,JOHNS_STOCKS
11900,201,22,199,34,197,69,207,30,209,43,211,69,CASTLE_STOCKS
11900,142,15,141,41,140,82,144,18,145,32,146,62,CUTHS_STOCKS
12000,97,17,96,42,95,69,99,18,100,35,101,83,HATFIELD_STOCKS
12000,92,47,90,83,88,168,94,50,96,88,98,141,COLLINGWOOD_STOCKS
12000,207,47,204,48,201,65,209,47,212,56,215,66,CHADS_STOCKS
12000,86,17,85,26,84,53,92,12,93,23,94,49,JOHNS_STOCKS
12000,201,21,198,31,195,58,205,18,208,28,211,46,CASTLE_STOCKS
12000,140,11,138,24,136,36,144,9,146,25,148,42,CUTHS_STOCKS
12100,96,18,94,25,92,54,100,17,102,25,104,52,HATFIELD_STOCKS
12100,91,17,89,17,87,29,95,13,97,20,99,22,COLLINGWOOD_STOCKS
12100,206,53,205,80,204,155,210,42,211,73,212,114,CHADS_STOCKS
12100,87,43,86,44,85,72,93,51,94,50,95,70,JOHNS_STOCKS
12100,201,17,200,39,199,65,205,17,206,36,207,69,CASTLE_STOCKS
12100,139,39,137,49,135,76,143,49,145,65,147,76,CUTHS_STOCKS
12200,98,40,95,68,92,141,100,31,103,56,106,114,HATFIELD_STOCKS
12200,92,20,91,31,90,62,94,24,95,29,96,56,COLLINGWOOD_STOCKS
12200,207,33,204,53,201,56,209,33,212,60,215,65,CHADS_STOCKS
12200,89,13,88,19,87,25,91,11,92,15,93,29,JOHNS_STOCKS
12200,200,38,199,61,198,104,206,36,207,72,208,92,CASTLE_STOCKS
12200,139,42,136,56,133,73,143,37,146,53,149,70,CUTHS_STOCKS
12300,98,10,96,18,94,30,100,11,102,15,104,24,HATFIELD_STOCKS
12300,93,10,92,16,91,46,95,9,96,22,97,45,COLLINGWOOD_STOCKS
12300,207,17,204,46,201,91,209,20,212,36,215,90,CHADS_STOCKS
12300,90,17,89,37,88,82,92,18,93,47,94,79,JOHNS_STOCKS
12300,199,50,198,82,197,130,205,43,206,59,207,102,CASTLE_STOCKS
12300,139,15,138,24,137,40,143,16,144,22,145,45,CUTHS_STOCKS
12400,97,31,94,27,91,38,101,23,104,27,107,36,HATFIELD_STOCKS
12400,91,11,90,22,89,44,97,15,98,20,99,41,COLLINGWOOD_STOCKS
12400,206,54,203,74,200,101,208,50,211,57,214,104,CHADS_STOCKS
12400,90,34,87,57,84,88,92,39,95,48,98,63,JOHNS_STOCKS
12400,200,12,197,22,194,40,204,13,207,26,210,33,CASTLE_STOCKS
12400,139,28,137,61,135,141,143,27,145,59,147,111,CUTHS_STOCKS
12500,96,28,93,75,90,116,102,39,105,64,108,110,HATFIELD_STOCKS
12500,93,42,92,57,91,116,95,33,96,55,97,106,COLLINGWOOD_STOCKS
12500,207,26,205,70,203,147,209,35,211,55,213,131,CHADS_STOCKS
12500,91,39,89,59,87,126,95,38,97,84,99,117,JOHNS_STOCKS
12500,200,28,199,72,198,136,206,28,207,53,208,130,CASTLE_STOCKS
12500,139,14,137,22,135,47,141,19,143,29,145,43,CUTHS_STOCKS
12600,98,33,97,55,96,117,102,30,103,61,104,79,HATFIELD_STOCKS
12600,92,25,91,41,90,55,98,28,99,47,100,61,COLLINGWOOD_STOCKS
12600,206,12,203,21,200,29,210,13,213,15,216,22,CHADS_STOCKS
12600,91,15,90,18,89,42,95,14,96,19,97,32,JOHNS_STOCKS
12600,200,17,198,48,196,59,206,25,208,37,210,85,CASTLE_STOCKS
12600,137,8,134,18,131,36,143,11,146,17,149,39,CUTHS_STOCKS
12700,99,42,97,70,95,145,101,44,103,74,105,127,HATFIELD_STOCKS
12700,93,28,90,49,87,52,99,39,102,45,105,49,COLLINGWOOD_STOCKS
12700,205,45,203,68,201,75,209,46,211,61,213,98,CHADS_STOCKS
12700,90,25,89,46,88,72,94,27,95,41,96,80,JOHNS_STOCKS
12700,201,30,198,69,195,137,205,31,208,53,211,140,CASTLE_STOCKS
12700,138,31,137,46,136,73,140,29,141,39,142,64,CUTHS_STOCKS
12800,97,26,95,32,93,36,103,24,105,39,107,46,HATFIELD_STOCKS
12800,94,47,93,88,92,151,96,37,97,86,98,188,COLLINGWOOD_STOCKS
12800,206,8,205,16,204,27,210,8,211,15,212,27,CHADS_STOCKS
12800,90,23,87,34,84,37,96,21,99,36,102,48,JOHNS_STOCKS
12800,200,44,197,74,194,92,206,41,209,70,212,112,CASTLE_STOCKS
12800,139,21,138,37,137,66,141,16,142,31,143,65,CUTHS_STOCKS
12900,98,23,96,40,94,54,102,20,104,44,106,50,HATFIELD_STOCKS
12900,92,12,90,29,88,37,98,12,100,29,102,40,COLLINGWOOD_STOCKS
12900,203,20,201,48,199,66,209,25,211,37,213,77,CHADS_STOCKS
12900,91,19,90,24,89,46,93,16,94,29,95,42,JOHNS_STOCKS
12900,200,32,199,49,198,103,206,30,207,56,208,114,CASTLE_STOCKS
12900,137,40,136,69,135,91,139,35,140,67,141,108,CUTHS_STOCKS
13000,97,12,94,15,91,23,101,12,104,14,107,23,HATFIELD_STOCKS
13000,94,10,93,23,92,42,96,13,97,23,98,34,COLLINGWOOD_STOCKS
13000,204,19,201,31,198,56,208,23,211,27,214,51,CHADS_STOCKS
13000,90,32,87,36,84,64,94,37,97,42,100,44,JOHNS_STOCKS
13000,201,14,199,25,197,27,205,14,207,19,209,26,CASTLE_STOCKS
13000,138,33,137,37,136,54,140,29,141,38,142,59,CUTHS_STOCKS
13100,96,30,94,46,92,66,100,26,102,46,104,72,HATFIELD_STOCKS
13100,92,43,91,53,90,81,98,38,99,52,100,80,COLLINGWOOD_STOCKS
13100,202,41,201,71,200,110,208,45,209,74,210,122,CHADS_STOCKS
13100,89,12,88,32,87,52,93,13,94,25,95,60,JOHNS_STOCKS
13100,201,52,199,60,197,83,205,46,207,63,209,100,CASTLE_STOCKS
13100,137,9,136,15,135,17,139,10,140,17,141,21,CUTHS_STOCKS
13200,96,35,95,65,94,80,100,28,101,54,102,87,HATFIELD_STOCKS
13200,93,23,90,37,87,64,95,16,98,33,101,65,COLLINGWOOD_STOCKS
13200,204,14,203,19,202,24,206,17,207,24,208,25,CHADS_STOCKS
13200,91,25,89,30,87,43,93,27,95,29,97,53,JOHNS_STOCKS
13200,200,20,198,23,196,31,206,19,208,24,210,43,CASTLE_STOCKS
13200,136,23,135,39,134,62,142,20,143,37,144,65,CUTHS_STOCKS
13300,97,45,96,63,95,86,101,57,102,69,103,101,HATFIELD_STOCKS
13300,94,18,92,49,90,105,96,21,98,39,100,105,COLLINGWOOD_STOCKS
13300,203,12,201,31,199,52,207,17,209,23,211,49,CHADS_STOCKS
13300,91,35,90,45,89,96,93,39,94,65,95,85,JOHNS_STOCKS
13300,200,17,199,20,198,29,206,16,207,23,208,29,CASTLE_STOCKS
13300,136,8,135,12,134,13,140,11,141,14,142,12,CUTHS_STOCKS
13400,98,55,97,106,96,137,102,56,103,89,104,158,HATFIELD_STOCKS
13400,94,15,92,24,90,22,96,17,98,19,100,31,COLLINGWOOD_STOCKS
13400,203,11,202,23,201,49,205,12,206,25,207,57,CHADS_STOCKS
13400,88,31,87,66,86,104,92,42,93,70,94,129,JOHNS_STOCKS
13400,201,41,198,72,195,109,205,31,208,70,211,137,CASTLE_STOCKS
13400,136,43,135,64,134,100,138,39,139,51,140,95,CUTHS_STOCKS
13500,98,50,95,64,92,132,100,41,103,82,106,95,HATFIELD_STOCKS
13500,92,25,91,36,90,48,96,27,97,30,98,43,COLLINGWOOD_STOCKS
13500,202,20,199,49,196,69,204,20,207,53,210,82,CHADS_STOCKS
13500,85,19,82,22,79,28,91,17,94,24,97,21,JOHNS_STOCKS
13500,201,34,199,66,197,130,205,24,207,64,209,96,CASTLE_STOCKS
13500,135,16,132,19,129,36,137,17,140,21,143,30,CUTHS_STOCKS
13600,97,31,96,56,95,65,101,40,102,53,103,74,HATFIELD_STOCKS
13600,92,38,90,65,88,143,96,27,98,66,100,133,COLLINGWOOD_STOCKS
13600,200,23,197,32,194,66,204,33,207,32,210,67,CHADS_STOCKS
13600,86,48,84,75,82,120,90,49,92,80,94,133,JOHNS_STOCKS
13600,199,20,196,29,193,64,205,18,208,37,211,55,CASTLE_STOCKS
13600,133,17,131,34,129,39,137,21,139,34,141,35,CUTHS_STOCKS
13700,95,9,92,14,89,18,101,14,104,18,107,20,HATFIELD_STOCKS
13700,91,28,90,48,89,57,95,21,96,36,97,71,COLLINGWOOD_STOCKS
13700,201,32,200,49,199,57,205,28,206,49,207,53,CHADS_STOCKS
13700,85,45,83,55,81,60,91,43,93,46,95,60,JOHNS_STOCKS
13700,200,33,199,46,198,91,204,29,205,58,206,83,CASTLE_STOCKS
13700,134,26,131,30,128,45,136,29,139,32,142,44,CUTHS_STOCKS
13800,94,28,92,70,90,131,100,39,102,68,104,130,HATFIELD_STOCKS
13800,91,44,88,65,85,116,95,36,98,75,101,96,COLLINGWOOD_STOCKS
13800,202,11,199,27,196,43,206,10,209,24,212,48,CHADS_STOCKS
13800,87,31,86,39,85,51,91,26,92,50,93,66,JOHNS_STOCKS
13800,199,8,198,12,197,16,205,10,206,10,207,17,CASTLE_STOCKS
13800,132,32,130,43,128,91,138,26,140,41,142,82,CUTHS_STOCKS
13900,95,33,92,65,89,162,101,48,104,92,107,152,HATFIELD_STOCKS
13900,92,40,90,60,88,147,94,38,96,66,98,147,COLLINGWOOD_STOCKS
13900,203,38,200,51,197,47,205,45,208,56,211,68,CHADS_STOCKS
13900,86,46,84,64,82,88,90,45,92,67,94,79,JOHNS_STOCKS
13900,199,39,196,106,193,191,205,48,208,101,211,199,CASTLE_STOCKS
13900,134,35,133,86,132,159,136,39,137,83,138,122,CUTHS_STOCKS
14000,96,39,95,85,94,173,100,42,101,65,102,174,HATFIELD_STOCKS
14000,93,27,91,50,89,98,95,27,97,49,99,72,COLLINGWOOD_STOCKS
14000,201,54,198,79,195,164,205,47,208,98,211,190,CHADS_STOCKS
14000,88,21,87,35,86,56,90,28,91,43,92,65,JOHNS_STOCKS
14000,199,29,198,56,197,91,205,36,206,53,207,89,CASTLE_STOCKS
14000,136,31,134,48,132,93,138,40,140,53,142,78,CUTHS_STOCKS
14100,96,15,93,27,90,41,100,12,103,23,106,49,HATFIELD_STOCKS
14100,92,43,89,108,86,169,96,45,99,90,102,208,COLLINGWOOD_STOCKS
14100,200,15,198,31,196,58,206,16,208,24,210,58,CHADS_STOCKS
14100,85,36,82,70,79,128,89,31,92,71,95,109,JOHNS_STOCKS
14100,199,21,198,30,197,35,205,18,206,25,207,35,CASTLE_STOCKS
14100,135,38,134,53,133,68,139,42,140,44,141,77,CUTHS_STOCKS
14200,96,30,95,62,94,128,100,34,101,54,102,126,HATFIELD_STOCKS
14200,92,32,90,59,88,84,96,34,98,67,100,96,COLLINGWOOD_STOCKS
14200,199,44,197,67,195,83,203,39,205,70,207,89,CHADS_STOCKS
14200,87,28,84,36,81,73,89,23,92,51,95,86,JOHNS_STOCKS
14200,200,35,197,64,194,142,204,41,207,62,210,147,CASTLE_STOCKS
14200,135,20,133,33,131,65,141,18,143,32,145,62,CUTHS_STOCKS
14300,97,31,94,60,91,64,99,31,102,53,105,91,HATFIELD_STOCKS
14300,92,37,90,50,88,48,96,44,98,54,100,61,COLLINGWOOD_STOCKS
14300,201,27,198,31,195,38,203,28,206,29,209,35,CHADS_STOCKS
14300,87,34,85,45,83,57,89,32,91,34,93,42,JOHNS_STOCKS
14300,199,10,197,17,195,42,205,11,207,22,209,46,CASTLE_STOCKS
14300,136,32,135,52,134,86,138,46,139,59,140,89,CUTHS_STOCKS
14400,96,38,95,52,94,49,100,40,101,45,102,61,HATFIELD_STOCKS
14400,92,28,90,32,88,63,96,24,98,34,100,61,COLLINGWOOD_STOCKS
14400,199,22,196,35,193,50,205,24,208,35,211,50,CHADS_STOCKS
14400,87,12,86,17,85,27,91,13,92,14,93,28,JOHNS_STOCKS
14400,199,10,197,16,195,31,205,15,207,21,209,28,CASTLE_STOCKS
14400,134,31,131,78,128,135,140,31,143,77,146,115,CUTHS_STOCKS
14500,96,40,93,58,90,103,100,45,103,80,106,117,HATFIELD_STOCKS
14500,91,25,89,37,87,79,95,26,97,39,99,75,COLLINGWOOD_STOCKS
14500,201,12,199,28,197,51,203,17,205,23,207,49,CHADS_STOCKS
14500,86,29,83,38,80,75,88,22,91,42,94,101,JOHNS_STOCKS
14500,199,19,196,38,193,55,205,23,208,35,211,52,CASTLE_STOCKS
14500,135,32,133,49,131,61,139,31,141,51,143,76,CUTHS_STOCKS
14600,97,57,95,74,93,166,99,43,101,89,103,145,HATFIELD_STOCKS
14600,94,19,91,29,88,73,96,15,99,38,102,75,COLLINGWOOD_STOCKS
14600,202,20,199,42,196,89,206,28,209,47,212,76,CHADS_STOCKS
14600,83,41,82,52,81,73,89,53,90,55,91,76,JOHNS_STOCKS
14600,198,25,196,43,194,85,204,26,206,42,208,59,CASTLE_STOCKS
14600,136,19,134,40,132,74,138,14,140,31,142,74,CUTHS_STOCKS
14700,96,10,94,15,92,22,102,9,104,14,106,25,HATFIELD_STOCKS
14700,94,39,92,63,90,72,98,42,100,77,102,88,COLLINGWOOD_STOCKS
14700,203,15,202,17,201,24,205,15,206,17,207,30,CHADS_STOCKS
14700,84,12,81,27,78,43,86,14,89,25,92,40,JOHNS_STOCKS
14700,200,13,198,20,196,31,204,11,206,25,208,34,CASTLE_STOCKS
14700,134,31,132,58,130,84,140,41,142,54,144,83,CUTHS_STOCKS
14800,97,28,96,38,95,72,101,33,102,48,103,69,HATFIELD_STOCKS
14800,93,19,91,24,89,37,97,24,99,29,101,33,COLLINGWOOD_STOCKS
14800,202,48,199,50,196,90,204,50,207,65,210,73,CHADS_STOCKS
14800,83,33,81,52,79,80,89,36,91,58,93,68,JOHNS_STOCKS
14800,198,37,195,59,192,113,204,36,207,66,210,134,CASTLE_STOCKS
14800,134,48,133,96,132,162,140,42,141,78,142,146,CUTHS_STOCKS
14900,96,50,93,74,90,87,102,40,105,60,108,91,HATFIELD_STOCKS
14900,93,25,92,54,91,69,97,20,98,41,99,72,COLLINGWOOD_STOCKS
14900,202,29,201,44,200,80,204,26,205,34,206,70,CHADS_STOCKS
14900,86,11,83,13,80,19,88,10,91,14,94,17,JOHNS_STOCKS
14900,198,10,197,21,196,33,204,11,205,16,206,38,CASTLE_STOCKS
14900,134,16,133,29,132,73,140,21,141,34,142,76,CUTHS_STOCKS
15000,96,30,94,63,92,118,100,33,102,63,104,131,HATFIELD_STOCKS
15000,94,24,92,43,90,60,96,25,98,41,100,60,COLLINGWOOD_STOCKS
15000,201,47,199,77,197,167,203,50,205,90,207,200,CHADS_STOCKS
15000,85,44,82,75,79,116,89,50,92,70,95,121,JOHNS_STOCKS
15000,198,41,196,47,194,62,202,31,204,42,206,57,CASTLE_STOCKS
15000,133,33,131,44,129,48,139,36,141,42,143,66,CUTHS_STOCKS
15100,95,15,94,31,93,50,101,15,102,28,103,41,HATFIELD_STOCKS
15100,93,33,92,56,91,90,97,27,98,51,99,83,COLLINGWOOD_STOCKS
15100,200,25,198,45,196,50,206,21,208,37,210,66,CHADS_STOCKS
15100,86,43,85,82,84,188,90,48,91,100,92,197,JOHNS_STOCKS
15100,199,45,198,81,197,150,203,38,204,64,205,124,CASTLE_STOCKS
15100,134,23,133,30,132,34,140,22,141,30,142,29,CUTHS_STOCKS
15200,97,40,94,64,91,145,99,40,102,69,105,157,HATFIELD_STOCKS
15200,94,48,93,100,92,168,96,51,97,90,98,162,COLLINGWOOD_STOCKS
15200,203,19,201,37,199,77,205,24,207,43,209,61,CHADS_STOCKS
15200,87,24,84,50,81,125,89,26,92,63,95,101,JOHNS_STOCKS
15200,199,38,197,82,195,191,203,51,205,86,207,173,CASTLE_STOCKS
15200,135,58,133,103,131,187,139,45,141,105,143,178,CUTHS_STOCKS
15300,96,32,93,70,90,102,100,35,103,70,106,105,HATFIELD_STOCKS
15300,92,22,90,38,88,37,98,25,100,36,102,37,COLLINGWOOD_STOCKS
15300,201,11,198,13,195,22,207,11,210,18,213,30,CHADS_STOCKS
15300,86,39,85,68,84,80,90,47,91,64,92,92,JOHNS_STOCKS
15300,199,39,198,65,197,78,203,50,204,63,205,98,CASTLE_STOCKS
15300,134,32,131,55,128,87,138,23,141,41,144,100,CUTHS_STOCKS
15400,98,37,95,57,92,93,102,27,105,67,108,117,HATFIELD_STOCKS
15400,95,42,93,67,91,162,97,33,99,85,101,111,COLLINGWOOD_STOCKS
15400,202,27,199,27,196,41,206,27,209,32,212,37,CHADS_STOCKS
15400,88,35,85,48,82,52,90,29,93,40,96,42,JOHNS_STOCKS
15400,199,53,196,75,193,142,205,55,208,73,211,198,CASTLE_STOCKS
15400,135,9,132,24,129,32,139,12,142,25,145,39,CUTHS_STOCKS
15500,98,40,95,71,92,80,100,47,103,62,106,83,HATFIELD_STOCKS
15500,93,35,90,53,87,80,97,46,100,68,103,79,COLLINGWOOD_STOCKS
15500,202,23,199,44,196,60,208,16,211,40,214,74,CHADS_STOCKS
15500,89,39,88,62,87,169,91,43,92,87,93,177,JOHNS_STOCKS
15500,199,48,197,69,195,187,205,49,207,84,209,179,CASTLE_STOCKS
15500,137,37,136,43,135,60,139,41,140,50,141,62,CUTHS_STOCKS
15600,98,43,95,55,92,110,102,35,105,49,108,102,HATFIELD_STOCKS
15600,95,31,93,42,91,71,99,33,101,43,103,65,COLLINGWOOD_STOCKS
15600,201,53,198,91,195,148,205,53,208,92,211,153,CHADS_STOCKS
15600,88,41,85,56,82,82,90,47,93,54,96,96,JOHNS_STOCKS
15600,199,59,197,99,195,151,203,43,205,91,207,146,CASTLE_STOCKS
15600,134,32,131,39,128,56,138,28,141,42,144,72,CUTHS_STOCKS
15700,99,45,96,82,93,123,101,40,104,86,107,101,HATFIELD_STOCKS
15700,95,33,94,67,93,122,97,34,98,66,99,119,COLLINGWOOD_STOCKS
15700,198,11,196,17,194,21,202,11,204,17,206,21,CHADS_STOCKS
15700,88,33,86,49,84,55,92,33,94,45,96,60,JOHNS_STOCKS
15700,198,45,196,68,194,138,204,42,206,63,208,115,CASTLE_STOCKS
15700,135,31,134,34,133,46,139,27,140,41,141,49,CUTHS_STOCKS
15800,97,38,95,70,93,79,101,42,103,53,105,105,HATFIELD_STOCKS
15800,94,12,92,20,90,34,96,15,98,25,100,40,COLLINGWOOD_STOCKS
15800,199,32,196,54,193,83,205,33,208,48,211,94,CHADS_STOCKS
15800,90,28,88,58,86,111,92,31,94,62,96,95,JOHNS_STOCKS
15800,200,27,197,43,194,72,204,24,207,47,210,89,CASTLE_STOCKS
15800,136,33,133,64,130,101,140,35,143,66,146,84,CUTHS_STOCKS
15900,98,21,95,29,92,46,102,22,105,31,108,53,HATFIELD_STOCKS
15900,93,23,91,34,89,53,97,19,99,28,101,53,COLLINGWOOD_STOCKS
15900,199,46,196,71,193,147,201,41,204,77,207,132,CHADS_STOCKS
15900,88,53,85,64,82,74,92,49,95,61,98,86,JOHNS_STOCKS
15900,198,27,195,55,192,98,204,34,207,49,210,122,CASTLE_STOCKS
15900,135,18,132,34,129,63,139,17,142,29,145,81,CUTHS_STOCKS
16000,99,31,97,65,95,171,103,33,105,88,107,158,HATFIELD_STOCKS
16000,95,36,92,65,89,56,97,52,100,56,103,77,COLLINGWOOD_STOCKS
16000,198,27,197,49,196,63,202,27,203,36,204,84,CHADS_STOCKS
16000,87,34,84,50,81,126,91,37,94,68,97,101,JOHNS_STOCKS
16000,198,24,197,32,196,51,204,30,205,30,206,52,CASTLE_STOCKS
16000,135,25,134,49,133,91,139,22,140,47,141,68,CUTHS_STOCKS
16100,100,34,98,73,96,152,102,38,104,64,106,129,HATFIELD_STOCKS
16100,94,27,91,34,88,34,96,21,99,25,102,41,COLLINGWOOD_STOCKS
16100,196,13,193,16,190,30,200,12,203,17,206,29,CHADS_STOCKS
16100,89,27,86,47,83,72,93,21,96,38,99,65,JOHNS_STOCKS
16100,199,19,196,19,193,25,203,14,206,19,209,30,CASTLE_STOCKS
16100,135,19,132,29,129,51,139,18,142,27,145,44,CUTHS_STOCKS
16200,99,26,97,34,95,73,101,23,103,34,105,70,HATFIELD_STOCKS
16200,93,31,91,36,89,46,97,28,99,46,101,62,COLLINGWOOD_STOCKS
16200,199,18,198,37,197,63,201,16,202,37,203,51,CHADS_STOCKS
16200,92,11,91,22,90,31,94,12,95,22,96,37,JOHNS_STOCKS
16200,200,11,197,26,194,49,204,11,207,25,210,34,CASTLE_STOCKS
16200,136,8,133,13,130,18,138,8,141,11,144,18,CUTHS_STOCKS
16300,99,14,97,32,95,47,101,16,103,31,105,47,HATFIELD_STOCKS
16300,92,38,91,66,90,107,96,33,97,70,98,124,COLLINGWOOD_STOCKS
16300,198,41,197,65,196,87,202,46,203,59,204,72,CHADS_STOCKS
16300,93,11,91,19,89,37,97,13,99,20,101,36,JOHNS_STOCKS
16300,200,33,197,40,194,41,204,35,207,39,210,44,CASTLE_STOCKS
16300,134,51,132,76,130,158,140,39,142,84,144,130,CUTHS_STOCKS
16400,99,24,97,51,95,69,101,32,103,40,105,67,HATFIELD_STOCKS
16400,92,42,90,42,88,54,96,46,98,61,100,77,COLLINGWOOD_STOCKS
16400,197,36,196,103,195,153,201,36,202,88,203,153,CHADS_STOCKS
16400,93,25,91,36,89,47,99,28,101,34,103,46,JOHNS_STOCKS
16400,200,20,197,40,194,69,204,18,207,35,210,69,CASTLE_STOCKS
16400,136,35,134,54,132,87,138,33,140,58,142,67,CUTHS_STOCKS
16500,97,37,95,52,93,102,101,36,103,52,105,121,HATFIELD_STOCKS
16500,92,43,91,68,90,147,94,50,95,63,96,152,COLLINGWOOD_STOCKS
16500,198,28,195,45,192,63,202,27,205,40,208,59,CHADS_STOCKS
16500,93,33,92,43,91,73,95,26,96,37,97,73,JOHNS_STOCKS
16500,200,37,199,61,198,130,204,51,205,58,206,120,CASTLE_STOCKS
16500,134,13,132,25,130,29,140,12,142,19,144,38,CUTHS_STOCKS
16600,96,33,94,36,92,64,100,25,102,37,104,59,HATFIELD_STOCKS
16600,93,49,90,83,87,141,95,51,98,68,101,112,COLLINGWOOD_STOCKS
16600,200,25,199,41,198,69,202,30,203,37,204,69,CHADS_STOCKS
16600,92,42,90,55,88,100,94,37,96,51,98,86,JOHNS_STOCKS
16600,200,33,199,62,198,146,204,30,205,60,206,122,CASTLE_STOCKS
16600,136,11,134,17,132,27,140,11,142,22,144,30,CUTHS_STOCKS
16700,96,27,95,39,94,59,98,27,99,45,100,55,HATFIELD_STOCKS
16700,90,22,89,51,88,73,96,26,97,41,98,74,COLLINGWOOD_STOCKS
16700,197,19,196,26,195,49,203,21,204,26,205,41,CHADS_STOCKS
16700,91,39,89,66,87,92,93,53,95,57,97,77,JOHNS_STOCKS
16700,199,11,196,20,193,34,205,9,208,16,211,27,CASTLE_STOCKS
16700,138,28,137,56,136,86,140,33,141,62,142,91,CUTHS_STOCKS
16800,96,16,93,20,90,34,98,21,101,29,104,35,HATFIELD_STOCKS
16800,91,8,89,20,87,46,93,11,95,17,97,40,COLLINGWOOD_STOCKS
16800,197,39,196,50,195,57,199,43,200,49,201,56,CHADS_STOCKS
16800,91,44,89,93,87,140,95,44,97,73,99,164,JOHNS_STOCKS
16800,199,29,196,35,193,45,205,24,208,36,211,50,CASTLE_STOCKS
16800,139,35,136,62,133,121,141,39,144,61,147,104,CUTHS_STOCKS
16900,94,41,93,86,92,171,98,51,99,90,100,163,HATFIELD_STOCKS
16900,89,12,88,24,87,49,95,17,96,30,97,53,COLLINGWOOD_STOCKS
16900,199,23,196,26,193,46,201,24,204,26,207,35,CHADS_STOCKS
16900,93,34,90,57,87,69,95,31,98,53,101,75,JOHNS_STOCKS
16900,199,14,196,15,193,25,205,15,208,15,211,22,CASTLE_STOCKS
16900,139,39,136,67,133,118,141,52,144,77,147,148,CUTHS_STOCKS
17000,93,30,90,52,87,119,99,27,102,69,105,129,HATFIELD_STOCKS
17000,90,24,87,38,84,72,94,27,97,46,100,72,COLLINGWOOD_STOCKS
17000,200,23,197,34,194,34,202,22,205,31,208,40,CHADS_STOCKS
17000,94,27,92,28,90,36,98,23,100,31,102,41,JOHNS_STOCKS
17000,199,39,197,59,195,75,203,42,205,53,207,110,CASTLE_STOCKS
17000,138,41,135,52,132,83,142,38,145,51,148,79,CUTHS_STOCKS
17100,94,35,91,76,88,106,98,42,101,67,104,110,HATFIELD_STOCKS
17100,89,49,87,58,85,123,95,38,97,70,99,127,COLLINGWOOD_STOCKS
17100,200,15,198,31,196,43,204,15,206,28,208,47,CHADS_STOCKS
17100,93,11,91,18,89,17,99,12,101,16,103,18,JOHNS_STOCKS
17100,198,16,197,19,196,41,204,12,205,18,206,33,CASTLE_STOCKS
17100,139,24,137,26,135,39,141,25,143,30,145,39,CUTHS_STOCKS
17200,96,18,94,37,92,76,98,23,100,38,102,77,HATFIELD_STOCKS
17200,92,26,91,28,90,44,96,25,97,31,98,48,COLLINGWOOD_STOCKS
17200,199,26,198,43,197,64,205,27,206,51,207,71,CHADS_STOCKS
17200,94,12,91,22,88,33,96,12,99,21,102,33,JOHNS_STOCKS
17200,199,54,197,66,195,67,203,52,205,54,207,60,CASTLE_STOCKS
17200,137,49,135,91,133,122,143,51,145,89,147,159,CUTHS_STOCKS
17300,96,11,95,19,94,35,98,11,99,21,100,28,HATFIELD_STOCKS
17300,93,45,92,85,91,176,95,34,96,86,97,184,COLLINGWOOD_STOCKS
17300,202,30,200,72,198,114,204,33,206,79,208,127,CHADS_STOCKS
17300,94,29,92,74,90,143,96,28,98,57,100,125,JOHNS_STOCKS
17300,199,41,197,92,195,141,203,44,205,74,207,169,CASTLE_STOCKS
17300,138,24,137,26,136,30,142,19,143,27,144,35,CUTHS_STOCKS
17400,97,15,94,34,91,49,99,16,102,32,105,60,HATFIELD_STOCKS
17400,93,43,90,87,87,139,97,48,100,88,103,104,COLLINGWOOD_STOCKS
17400,200,8,199,17,198,40,202,9,203,15,204,37,CHADS_STOCKS
17400,95,52,92,59,89,91,97,46,100,62,103,94,JOHNS_STOCKS
17400,199,11,196,15,193,40,205,11,208,22,211,44,CASTLE_STOCKS
17400,138,44,137,69,136,103,142,31,143,58,144,105,CUTHS_STOCKS
17500,97,46,96,76,95,112,99,46,100,87,101,133,HATFIELD_STOCKS
17500,94,48,93,79,92,127,96,44,97,87,98,155,COLLINGWOOD_STOCKS
17500,199,36,198,52,197,87,201,35,202,67,203,83,CHADS_STOCKS
17500,92,20,89,28,86,38,96,18,99,31,102,35,JOHNS_STOCKS
17500,199,40,197,68,195,98,205,33,207,64,209,122,CASTLE_STOCKS
17500,137,24,135,39,133,54,141,24,143,44,145,57,CUTHS_STOCKS
17600,96,30,94,62,92,90,100,37,102,56,104,76,HATFIELD_STOCKS
17600,94,10,92,22,90,37,98,10,100,20,102,53,COLLINGWOOD_STOCKS
17600,197,13,194,19,191,21,201,11,204,19,207,24,CHADS_STOCKS
17600,94,21,93,46,92,64,96,22,97,37,98,88,JOHNS_STOCKS
17600,199,29,198,41,197,68,205,39,206,60,207,70,CASTLE_STOCKS
17600,137,42,136,68,135,135,139,39,140,78,141,96,CUTHS_STOCKS
17700,95,40,94,59,93,110,99,34,100,69,101,113,HATFIELD_STOCKS
17700,92,30,89,34,86,54,96,35,99,46,102,68,COLLINGWOOD_STOCKS
17700,198,25,196,42,194,93,202,19,204,38,206,70,CHADS_STOCKS
17700,94,14,93,17,92,32,98,12,99,18,100,28,JOHNS_STOCKS
17700,200,26,198,35,196,42,204,26,206,32,208,32,CASTLE_STOCKS
17700,137,35,134,48,131,74,141,36,144,53,147,71,CUTHS_STOCKS
17800,95,18,93,17,91,35,99,16,101,20,103,24,HATFIELD_STOCKS
17800,92,22,90,26,88,52,96,26,98,28,100,47,COLLINGWOOD_STOCKS
17800,196,33,193,42,190,78,200,30,203,52,206,75,CHADS_STOCKS
17800,94,15,93,22,92,43,96,16,97,32,98,47,JOHNS_STOCKS
17800,199,20,197,26,195,30,205,22,207,20,209,40,CASTLE_STOCKS
17800,136,37,135,65,134,119,140,28,141,61,142,106,CUTHS_STOCKS
17900,97,41,96,66,95,82,99,36,100,67,101,67,HATFIELD_STOCKS
17900,94,25,93,32,92,31,96,27,97,25,98,30,COLLINGWOOD_STOCKS
17900,195,42,193,58,191,89,199,44,201,54,203,90,CHADS_STOCKS
17900,93,48,92,100,91,159,97,39,98,102,99,139,JOHNS_STOCKS
17900,199,22,196,40,193,75,203,21,206,36,209,65,CASTLE_STOCKS
17900,137,19,136,33,135,85,139,25,140,39,141,64,CUTHS_STOCKS
18000,96,11,95,20,94,49,98,12,99,26,100,55,HATFIELD_STOCKS
18000,94,41,92,70,90,107,96,31,98,64,100,88,COLLINGWOOD_STOCKS
18000,198,45,197,50,196,73,200,41,201,67,202,68,CHADS_STOCKS
18000,94,12,92,19,90,27,96,14,98,18,100,28,JOHNS_STOCKS
18000,198,43,197,73,196,81,204,54,205,72,206,89,CASTLE_STOCKS
18000,136,47,133,88,130,95,140,52,143,70,146,139,CUTHS_STOCKS
18100,94,29,91,51,88,59,98,37,101,36,104,50,HATFIELD_STOCKS
18100,93,30,91,46,89,64,95,29,97,35,99,72,COLLINGWOOD_STOCKS
18100,199,30,197,55,195,68,201,27,203,48,205,66,CHADS_STOCKS
18100,94,41,93,49,92,74,98,30,99,52,100,69,JOHNS_STOCKS
18100,198,31,196,58,194,74,204,35,206,53,208,86,CASTLE_STOCKS
18100,137,15,136,35,135,61,139,16,140,32,141,49,CUTHS_STOCKS
18200,95,48,94,63,93,87,99,42,100,50,101,81,HATFIELD_STOCKS
18200,92,51,90,85,88,165,96,37,98,74,100,163,COLLINGWOOD_STOCKS
18200,197,34,196,41,195,74,201,32,202,43,203,98,CHADS_STOCKS
18200,92,27,90,63,88,99,98,25,100,51,102,103,JOHNS_STOCKS
18200,198,17,197,29,196,69,204,15,205,30,206,65,CASTLE_STOCKS
18200,134,26,132,43,130,78,140,37,142,47,144,68,CUTHS_STOCKS
18300,94,39,91,61,88,146,98,38,101,65,104,151,HATFIELD_STOCKS
18300,92,22,90,37,88,57,94,27,96,30,98,49,COLLINGWOOD_STOCKS
18300,198,24,196,48,194,104,202,27,204,53,206,106,CHADS_STOCKS
18300,93,37,92,92,91,174,97,53,98,80,99,125,JOHNS_STOCKS
18300,197,28,194,37,191,69,203,25,206,45,209,62,CASTLE_STOCKS
18300,136,36,133,60,130,63,138,37,141,55,144,86,CUTHS_STOCKS
18400,94,19,91,24,88,26,98,23,101,24,104,28,HATFIELD_STOCKS
18400,93,49,92,61,91,79,95,56,96,68,97,63,COLLINGWOOD_STOCKS
18400,195,16,193,27,191,40,201,17,203,24,205,42,CHADS_STOCKS
18400,94,22,91,49,88,72,98,26,101,38,104,77,JOHNS_STOCKS
18400,198,13,197,29,196,37,204,16,205,27,206,38,CASTLE_STOCKS
18400,136,25,135,30,134,42,140,25,141,36,142,37,CUTHS_STOCKS
18500,94,40,93,61,92,132,98,34,99,68,100,149,HATFIELD_STOCKS
18500,93,44,90,41,87,71,95,31,98,46,101,53,COLLINGWOOD_STOCKS
18500,197,18,195,21,193,41,199,16,201,29,203,45,CHADS_STOCKS
18500,97,20,94,37,91,54,99,19,102,32,105,59,JOHNS_STOCKS
18500,199,51,197,64,195,127,203,50,205,87,207,138,CASTLE_STOCKS
18500,136,50,135,72,134,141,140,34,141,78,142,103,CUTHS_STOCKS
18600,94,44,91,56,88,73,100,37,103,64,106,91,HATFIELD_STOCKS
18600,92,17,91,22,90,27,96,15,97,22,98,37,COLLINGWOOD_STOCKS
18600,198,32,197,49,196,57,200,35,201,40,202,50,CHADS_STOCKS
18600,97,40,95,52,93,78,99,48,101,55,103,85,JOHNS_STOCKS
18600,200,27,197,31,194,56,204,25,207,31,210,41,CASTLE_STOCKS
18600,137,33,135,66,133,161,141,34,143,77,145,146,CUTHS_STOCKS
18700,96,42,95,71,94,146,98,45,99,79,100,159,HATFIELD_STOCKS
18700,91,21,90,24,89,41,95,18,96,27,97,46,COLLINGWOOD_STOCKS
18700,198,41,197,74,196,143,202,40,203,71,204,110,CHADS_STOCKS
18700,96,16,95,36,94,50,98,20,99,31,100,68,JOHNS_STOCKS
18700,200,21,199,26,198,46,206,24,207,27,208,46,CASTLE_STOCKS
18700,137,35,134,61,131,89,141,32,144,53,147,83,CUTHS_STOCKS
18800,94,28,91,53,88,91,100,39,103,66,106,118,HATFIELD_STOCKS
18800,90,10,87,18,84,26,96,10,99,15,102,27,COLLINGWOOD_STOCKS
18800,199,19,197,19,195,33,201,14,203,25,205,27,CHADS_STOCKS
18800,95,34,92,43,89,72,97,32,100,49,103,75,JOHNS_STOCKS
18800,200,35,199,72,198,114,206,29,207,71,208,104,CASTLE_STOCKS
18800,136,17,134,29,132,33,142,20,144,22,146,41,CUTHS_STOCKS
18900,94,37,91,56,88,104,100,36,103,51,106,82,HATFIELD_STOCKS
18900,92,15,90,37,88,80,96,16,98,41,100,57,COLLINGWOOD_STOCKS
18900,199,24,196,49,193,85,201,23,204,45,207,63,CHADS_STOCKS
18900,95,15,92,26,89,38,99,18,102,26,105,27,JOHNS_STOCKS
18900,201,34,198,66,195,135,205,36,208,65,211,125,CASTLE_STOCKS
18900,139,57,136,110,133,213,141,47,144,84,147,156,CUTHS_STOCKS
19000,96,22,95,20,94,26,98,20,99,25,100,27,HATFIELD_STOCKS
19000,90,34,89,63,88,142,96,38,97,63,98,115,COLLINGWOOD_STOCKS
19000,198,35,196,51,194,54,202,32,204,45,206,63,CHADS_STOCKS
19000,95,25,92,40,89,58,99,19,102,38,105,50,JOHNS_STOCKS
19000,200,11,199,16,198,21,206,15,207,17,208,28,CASTLE_STOCKS
19000,140,43,137,55,134,68,142,33,145,57,148,61,CUTHS_STOCKS
19100,96,42,95,101,94,195,98,36,99,86,100,188,HATFIELD_STOCKS
19100,89,17,87,24,85,31,95,16,97,23,99,36,COLLINGWOOD_STOCKS
19100,195,21,193,32,191,37,201,23,203,28,205,47,CHADS_STOCKS
19100,95,19,94,43,93,73,101,24,102,36,103,72,JOHNS_STOCKS
19100,201,27,198,59,195,94,205,32,208,70,211,88,CASTLE_STOCKS
19100,139,51,136,53,133,91,143,51,146,55,149,85,CUTHS_STOCKS
19200,95,18,94,33,93,75,97,18,98,32,99,73,HATFIELD_STOCKS
19200,89,32,87,64,85,73,95,46,97,68,99,70,COLLINGWOOD_STOCKS
19200,197,35,194,57,191,139,199,45,202,62,205,96,CHADS_STOCKS
19200,97,43,94,40,91,72,99,41,102,55,105,65,JOHNS_STOCKS
19200,200,18,197,30,194,51,206,19,209,40,212,58,CASTLE_STOCKS
19200,140,11,137,25,134,52,142,10,145,22,148,37,CUTHS_STOCKS
19300,94,24,91,50,88,105,98,35,101,58,104,90,HATFIELD_STOCKS
19300,91,26,90,35,89,55,93,23,94,44,95,55,COLLINGWOOD_STOCKS
19300,197,40,195,79,193,128,203,46,205,73,207,155,CHADS_STOCKS
19300,97,19,94,24,91,25,99,15,102,19,105,30,JOHNS_STOCKS
19300,201,18,200,30,199,43,205,19,206,29,207,47,CASTLE_STOCKS
19300,138,23,136,35,134,61,144,19,146,41,148,48,CUTHS_STOCKS
19400,94,9,91,18,88,32,98,9,101,15,104,25,HATFIELD_STOCKS
19400,89,22,87,42,85,76,93,17,95,40,97,73,COLLINGWOOD_STOCKS
19400,200,40,198,77,196,146,204,49,206,74,208,153,CHADS_STOCKS
19400,95,46,92,57,89,73,101,34,104,55,107,80,JOHNS_STOCKS
19400,201,17,200,27,199,37,207,13,208,28,209,39,CASTLE_STOCKS
19400,141,40,138,51,135,67,143,36,146,61,149,74,CUTHS_STOCKS
19500,96,13,95,27,94,45,98,14,99,27,100,56,HATFIELD_STOCKS
19500,90,33,88,56,86,88,94,41,96,69,98,101,COLLINGWOOD_STOCKS
19500,199,40,196,73,193,107,203,45,206,67,209,152,CHADS_STOCKS
19500,95,36,94,64,93,145,101,43,102,83,103,130,JOHNS_STOCKS
19500,202,30,199,42,196,68,206,31,209,50,212,49,CASTLE_STOCKS
19500,140,45,138,69,136,112,144,35,146,76,148,115,CUTHS_STOCKS
19600,96,44,93,69,90,82,98,39,101,62,104,89,HATFIELD_STOCKS
19600,91,12,89,17,87,28,93,13,95,23,97,32,COLLINGWOOD_STOCKS
19600,199,20,198,24,197,43,203,23,204,28,205,37,CHADS_STOCKS
19600,98,17,96,24,94,52,102,17,104,31,106,39,JOHNS_STOCKS
19600,201,50,200,105,199,207,207,40,208,102,209,158,CASTLE_STOCKS
19600,141,23,138,41,135,86,143,24,146,48,149,90,CUTHS_STOCKS
19700,95,14,93,24,91,34,99,17,101,24,103,48,HATFIELD_STOCKS
19700,90,41,89,61,88,110,94,45,95,55,96,124,COLLINGWOOD_STOCKS
19700,201,44,199,57,197,69,203,51,205,62,207,65,CHADS_STOCKS
19700,98,30,97,46,96,65,100,34,101,43,102,62,JOHNS_STOCKS
19700,201,37,199,65,197,99,207,42,209,62,211,75,CASTLE_STOCKS
19700,139,53,136,86,133,122,143,45,146,74,149,122,CUTHS_STOCKS
19800,95,37,93,58,91,84,99,36,101,59,103,90,HATFIELD_STOCKS
19800,91,39,89,69,87,105,93,38,95,61,97,77,COLLINGWOOD_STOCKS
19800,198,30,197,65,196,104,202,37,203,68,204,113,CHADS_STOCKS
19800,98,33,95,80,92,129,104,39,107,64,110,137,JOHNS_STOCKS
19800,202,11,201,20,200,32,208,11,209,21,210,45,CASTLE_STOCKS
19800,141,13,140,17,139,23,143,15,144,21,145,25,CUTHS_STOCKS
19900,95,43,92,83,89,118,99,36,102,71,105,155,HATFIELD_STOCKS
19900,90,18,89,30,88,62,96,19,97,36,98,61,COLLINGWOOD_STOCKS
19900,199,45,197,65,195,79,201,50,203,68,205,84,CHADS_STOCKS
19900,99,44,97,69,95,77,103,52,105,55,107,81,JOHNS_STOCKS
19900,201,25,200,43,199,68,207,24,208,37,209,76,CASTLE_STOCKS
19900,138,13,137,24,136,45,142,13,143,27,144,49,CUTHS_STOCKS
20000,95,33,94,61,93,128,101,34,102,55,103,113,HATFIELD_STOCKS
20000,90,59,87,84,84,164,96,47,99,113,102,224,COLLINGWOOD_STOCKS
20000,200,26,199,51,198,94,202,23,203,42,204,104,CHADS_STOCKS
20000,99,38,98,50,97,86,103,34,104,65,105,67,JOHNS_STOCKS
20000,202,40,200,62,198,75,206,34,208,44,210,79,CASTLE_STOCKS
20000,139,13,137,26,135,51,141,11,143,24,145,53,CUTHS_STOCKS
20100,95,38,94,60,93,111,99,42,100,59,101,94,HATFIELD_STOCKS
20100,90,27,89,39,88,59,94,24,95,44,96,58,COLLINGWOOD_STOCKS
20100,198,36,195,47,192,84,202,29,205,57,208,80,CHADS_STOCKS
20100,96,42,95,56,94,123,102,38,103,52,104,89,JOHNS_STOCKS
20100,201,42,199,57,197,70,207,40,209,44,211,49,CASTLE_STOCKS
20100,138,49,137,54,136,87,142,43,143,62,144,81,CUTHS_STOCKS
20200,95,21,93,26,91,29,99,17,101,25,103,33,HATFIELD_STOCKS
20200,91,39,90,91,89,133,95,49,96,80,97,130,COLLINGWOOD_STOCKS
20200,200,41,199,61,198,112,204,32,205,66,206,140,CHADS_STOCKS
20200,100,12,98,24,96,47,102,14,104,21,106,45,JOHNS_STOCKS
20200,202,15,201,25,200,36,206,18,207,25,208,36,CASTLE_STOCKS
20200,138,12,136,23,134,51,142,13,144,27,146,51,CUTHS_STOCKS
20300,96,37,93,40,90,52,100,28,103,53,106,67,HATFIELD_STOCKS
20300,92,25,90,41,88,84,96,23,98,60,100,114,COLLINGWOOD_STOCKS
20300,200,11,197,13,194,27,204,9,207,15,210,25,CHADS_STOCKS
20300,99,20,96,20,93,39,103,15,106,23,109,29,JOHNS_STOCKS
20300,201,11,200,20,199,39,207,14,208,23,209,32,CASTLE_STOCKS
20300,138,19,135,20,132,26,144,17,147,20,150,23,CUTHS_STOCKS
20400,97,50,95,56,93,67,99,49,101,55,103,68,HATFIELD_STOCKS
20400,91,20,90,31,89,54,97,23,98,26,99,51,COLLINGWOOD_STOCKS
20400,199,13,198,23,197,52,203,13,204,27,205,42,CHADS_STOCKS
20400,98,10,97,18,96,24,102,9,103,14,104,25,JOHNS_STOCKS
20400,202,55,200,69,198,98,206,55,208,76,210,105,CASTLE_STOCKS
20400,139,15,137,29,135,58,141,16,143,33,145,53,CUTHS_STOCKS
20500,95,38,93,53,91,77,101,38,103,51,105,86,HATFIELD_STOCKS
20500,92,32,90,72,88,114,98,30,100,51,102,90,COLLINGWOOD_STOCKS
20500,199,9,196,13,193,23,201,11,204,17,207,21,CHADS_STOCKS
20500,97,38,94,62,91,164,101,35,104,64,107,136,JOHNS_STOCKS
20500,201,34,198,61,195,100,207,33,210,62,213,94,CASTLE_STOCKS
20500,139,23,138,41,137,57,141,17,142,31,143,62,CUTHS_STOCKS
20600,98,31,95,73,92,123,100,34,103,70,106,130,HATFIELD_STOCKS
20600,93,14,91,25,89,55,97,13,99,27,101,46,COLLINGWOOD_STOCKS
20600,199,38,197,57,195,87,201,35,203,54,205,76,CHADS_STOCKS
20600,97,22,96,33,95,72,101,31,102,36,103,73,JOHNS_STOCKS
20600,201,30,200,52,199,79,207,40,208,57,209,86,CASTLE_STOCKS
20600,137,42,136,76,135,139,143,41,144,71,145,146,CUTHS_STOCKS
20700,97,32,96,58,95,100,103,36,104,55,105,120,HATFIELD_STOCKS
20700,94,25,91,36,88,66,98,30,101,35,104,56,COLLINGWOOD_STOCKS
20700,199,50,197,67,195,108,201,58,203,70,205,100,CHADS_STOCKS
20700,99,30,97,49,95,95,101,25,103,63,105,116,JOHNS_STOCKS
20700,202,28,200,33,198,45,206,22,208,35,210,51,CASTLE_STOCKS
20700,139,13,138,20,137,29,141,14,142,28,143,38,CUTHS_STOCKS
20800,97,47,95,78,93,131,101,38,103,89,105,123,HATFIELD_STOCKS
20800,94,32,91,47,88,79,96,22,99,51,102,59,COLLINGWOOD_STOCKS
20800,198,17,197,28,196,67,202,17,203,37,204,71,CHADS_STOCKS
20800,100,11,98,20,96,35,104,10,106,15,108,30,JOHNS_STOCKS
20800,202,10,201,10,200,15,208,11,209,11,210,14,CASTLE_STOCKS
20800,137,27,135,48,133,65,141,26,143,48,145,65,CUTHS_STOCKS
20900,98,31,96,38,94,73,100,25,102,39,104,58,HATFIELD_STOCKS
20900,93,38,91,76,89,105,97,43,99,62,101,131,COLLINGWOOD_STOCKS
20900,199,34,197,39,195,36,203,31,205,32,207,38,CHADS_STOCKS
20900,99,10,96,22,93,50,105,9,108,24,111,38,JOHNS_STOCKS
20900,202,44,199,86,196,132,206,50,209,76,212,119,CASTLE_STOCKS
20900,136,35,135,79,134,156,142,36,143,69,144,122,CUTHS_STOCKS
21000,96,10,95,18,94,31,102,10,103,18,104,26,HATFIELD_STOCKS
21000,94,17,92,22,90,28,96,21,98,21,100,34,COLLINGWOOD_STOCKS
21000,200,20,198,24,196,29,204,25,206,23,208,38,CHADS_STOCKS
21000,100,39,97,110,94,159,104,51,107,79,110,159,JOHNS_STOCKS
21000,202,47,201,91,200,149,206,48,207,62,208,125,CASTLE_STOCKS
21000,137,15,136,34,135,43,141,15,142,30,143,45,CUTHS_STOCKS
21100,98,8,96,12,94,13,100,9,102,13,104,14,HATFIELD_STOCKS
21100,93,47,92,65,91,136,97,37,98,89,99,132,COLLINGWOOD_STOCKS
21100,201,20,198,48,195,90,207,25,210,47,213,82,CHADS_STOCKS
21100,99,8,97,22,95,36,103,9,105,15,107,40,JOHNS_STOCKS
21100,202,39,200,58,198,56,206,33,208,62,210,59,CASTLE_STOCKS
21100,138,25,136,29,134,41,140,28,142,31,144,38,CUTHS_STOCKS
21200,96,41,94,85,92,149,102,40,104,85,106,122,HATFIELD_STOCKS
21200,91,34,90,69,89,131,97,36,98,81,99,127,COLLINGWOOD_STOCKS
21200,200,29,199,36,198,43,202,25,203,43,204,37,CHADS_STOCKS
21200,97,38,95,57,93,101,103,31,105,60,107,81,JOHNS_STOCKS
21200,202,39,199,71,196,113,206,47,209,59,212,131,CASTLE_STOCKS
21200,138,19,135,31,132,51,142,22,145,28,148,47,CUTHS_STOCKS
21300,96,51,94,84,92,166,102,49,104,80,106,130,HATFIELD_STOCKS
21300,92,17,89,22,86,49,96,17,99,23,102,42,COLLINGWOOD_STOCKS
21300,199,42,196,59,193,114,201,33,204,51,207,88,CHADS_STOCKS
21300,96,23,94,38,92,61,100,25,102,32,104,42,JOHNS_STOCKS
21300,201,49,199,74,197,104,207,37,209,58,211,98,CASTLE_STOCKS
21300,136,54,134,62,132,69,142,56,144,55,146,66,CUTHS_STOCKS
21400,97,9,96,11,95,15,99,8,100,13,101,17,HATFIELD_STOCKS
21400,91,8,89,15,87,28,95,10,97,19,99,36,COLLINGWOOD_STOCKS
21400,196,16,193,19,190,27,202,14,205,23,208,21,CHADS_STOCKS
21400,97,32,95,52,93,137,99,28,101,51,103,150,JOHNS_STOCKS
21400,202,49,199,96,196,132,206,38,209,67,212,151,CASTLE_STOCKS
21400,139,57,138,60,137,91,141,47,142,62,143,90,CUTHS_STOCKS
21500,96,41,93,81,90,130,100,32,103,56,106,124,HATFIELD_STOCKS
21500,91,14,90,17,89,22,95,15,96,22,97,26,COLLINGWOOD_STOCKS
21500,196,34,194,44,192,63,200,25,202,34,204,64,CHADS_STOCKS
21500,95,49,93,71,91,63,101,39,103,71,105,83,JOHNS_STOCKS
21500,200,49,198,68,196,127,206,46,208,70,210,91,CASTLE_STOCKS
21500,138,36,137,69,136,110,140,39,141,56,142,138,CUTHS_STOCKS
21600,97,12,94,23,91,37,99,10,102,21,105,34,HATFIELD_STOCKS
21600,92,23,91,24,90,35,96,17,97,26,98,41,COLLINGWOOD_STOCKS
21600,197,12,194,25,191,36,199,14,202,27,205,40,CHADS_STOCKS
21600,97,9,96,16,95,20,99,10,100,11,101,20,JOHNS_STOCKS
21600,201,36,198,61,195,92,205,35,208,48,211,78,CASTLE_STOCKS
21600,137,23,136,24,135,34,141,17,142,29,143,38,CUTHS_STOCKS
21700,97,45,94,53,91,100,99,39,102,52,105,87,HATFIELD_STOCKS
21700,93,23,90,30,87,42,95,22,98,38,101,47,COLLINGWOOD_STOCKS
21700,195,25,194,31,193,59,199,21,200,39,201,44,CHADS_STOCKS
21700,95,32,92,37,89,45,101,24,104,37,107,35,JOHNS_STOCKS
21700,201,18,200,27,199,47,205,19,206,34,207,66,CASTLE_STOCKS
21700,138,14,137,23,136,46,140,14,141,28,142,48,CUTHS_STOCKS
21800,98,23,96,46,94,92,100,28,102,53,104,71,HATFIELD_STOCKS
21800,92,42,90,84,88,100,96,48,98,88,100,134,COLLINGWOOD_STOCKS
21800,195,46,193,63,191,84,197,46,199,51,201,67,CHADS_STOCKS
21800,96,19,94,31,92,60,98,25,100,39,102,52,JOHNS_STOCKS
21800,200,49,198,97,196,174,206,48,208,78,210,182,CASTLE_STOCKS
21800,137,27,135,61,133,123,141,39,143,75,145,127,CUTHS_STOCKS
21900,97,27,96,37,95,40,101,23,102,31,103,48,HATFIELD_STOCKS
21900,94,19,92,38,90,65,96,20,98,33,100,63,COLLINGWOOD_STOCKS
21900,196,57,193,75,190,123,198,42,201,85,204,123,CHADS_STOCKS
21900,95,27,92,53,89,76,99,26,102,51,105,95,JOHNS_STOCKS
21900,200,54,199,94,198,165,206,48,207,83,208,149,CASTLE_STOCKS
21900,137,25,136,33,135,62,141,21,142,30,143,70,CUTHS_STOCKS
22000,98,12,96,25,94,33,100,14,102,18,104,32,HATFIELD_STOCKS
22000,93,27,91,35,89,49,97,25,99,42,101,64,COLLINGWOOD_STOCKS
22000,191,59,190,85,189,182,197,46,198,96,199,189,CHADS_STOCKS
22000,95,27,94,45,93,52,97,27,98,35,99,45,JOHNS_STOCKS
22000,200,38,199,83,198,146,206,44,207,104,208,177,CASTLE_STOCKS
22000,138,32,136,54,134,67,140,25,142,57,144,96,CUTHS_STOCKS
22100,98,26,95,27,92,44,100,29,103,38,106,47,HATFIELD_STOCKS
22100,94,30,92,70,90,143,96,37,98,67,100,127,COLLINGWOOD_STOCKS
22100,193,31,191,45,189,62,195,33,197,34,199,50,CHADS_STOCKS
22100,92,11,90,22,88,44,98,16,100,26,102,42,JOHNS_STOCKS
22100,201,20,199,27,197,42,205,22,207,25,209,42,CASTLE_STOCKS
22100,138,43,137,84,136,126,144,51,145,67,146,154,CUTHS_STOCKS
22200,96,8,95,13,94,26,100,10,101,13,102,23,HATFIELD_STOCKS
22200,90,20,87,53,84,70,96,21,99,42,102,71,COLLINGWOOD_STOCKS
22200,194,26,192,27,190,41,198,19,200,31,202,38,CHADS_STOCKS
22200,95,11,93,17,91,28,97,12,99,22,101,35,JOHNS_STOCKS
22200,200,33,199,68,198,88,206,40,207,58,208,104,CASTLE_STOCKS
22200,138,10,136,19,134,26,144,12,146,20,148,21,CUTHS_STOCKS
22300,98,24,96,57,94,110,102,23,104,44,106,82,HATFIELD_STOCKS
22300,91,19,89,23,87,34,95,14,97,25,99,42,COLLINGWOOD_STOCKS
22300,194,44,191,74,188,104,196,43,199,77,202,137,CHADS_STOCKS
22300,93,10,91,17,89,28,99,10,101,23,103,28,JOHNS_STOCKS
22300,201,45,198,69,195,112,205,53,208,89,211,121,CASTLE_STOCKS
22300,139,26,138,56,137,132,141,37,142,74,143,114,CUTHS_STOCKS
22400,98,36,95,43,92,49,102,26,105,39,108,54,HATFIELD_STOCKS
22400,90,57,89,85,88,204,94,42,95,88,96,188,COLLINGWOOD_STOCKS
22400,192,33,191,75,190,105,198,36,199,53,200,111,CHADS_STOCKS
22400,96,20,93,36,90,82,98,18,101,44,104,84,JOHNS_STOCKS
22400,199,45,198,83,197,123,205,55,206,85,207,160,CASTLE_STOCKS
22400,138,25,136,38,134,42,140,20,142,32,144,42,CUTHS_STOCKS
22500,97,27,95,49,93,85,101,29,103,56,105,102,HATFIELD_STOCKS
22500,90,9,87,15,84,17,94,8,97,12,100,21,COLLINGWOOD_STOCKS
22500,193,26,191,51,189,58,197,30,199,49,201,63,CHADS_STOCKS
22500,96,35,94,51,92,59,98,26,100,44,102,53,JOHNS_STOCKS
22500,201,10,199,21,197,47,205,10,207,21,209,38,CASTLE_STOCKS
22500,136,46,133,71,130,67,142,45,145,50,148,83,CUTHS_STOCKS
22600,98,37,97,76,96,142,100,39,101,72,102,152,HATFIELD_STOCKS
22600,91,48,90,59,89,72,93,43,94,64,95,74,COLLINGWOOD_STOCKS
22600,194,25,192,35,190,57,198,21,200,39,202,57,CHADS_STOCKS
22600,94,47,91,48,88,80,98,52,101,63,104,68,JOHNS_STOCKS
22600,200,23,199,27,198,50,206,19,207,38,208,55,CASTLE_STOCKS
22600,137,12,135,22,133,34,141,12,143,23,145,29,CUTHS_STOCKS
22700,94,37,91,79,88,140,100,53,103,92,106,124,HATFIELD_STOCKS
22700,89,15,86,21,83,24,93,15,96,23,99,32,COLLINGWOOD_STOCKS
22700,194,26,192,41,190,75,196,28,198,42,200,86,CHADS_STOCKS
22700,94,23,93,27,92,35,100,20,101,35,102,45,JOHNS_STOCKS
22700,201,12,199,20,197,43,205,9,207,18,209,41,CASTLE_STOCKS
22700,135,22,132,30,129,33,141,17,144,25,147,41,CUTHS_STOCKS
22800,96,53,93,86,90,196,100,58,103,85,106,205,HATFIELD_STOCKS
22800,90,18,88,25,86,38,92,18,94,27,96,37,COLLINGWOOD_STOCKS
22800,193,23,190,22,187,36,197,16,200,23,203,24,CHADS_STOCKS
22800,98,11,95,17,92,43,100,8,103,16,106,35,JOHNS_STOCKS
22800,200,16,198,32,196,53,206,17,208,26,210,56,CASTLE_STOCKS
22800,136,14,134,21,132,22,140,11,142,15,144,29,CUTHS_STOCKS
22900,95,29,93,53,91,120,99,29,101,60,103,113,HATFIELD_STOCKS
22900,89,27,88,64,87,152,91,34,92,64,93,148,COLLINGWOOD_STOCKS
22900,193,37,190,58,187,116,197,27,200,53,203,130,CHADS_STOCKS
22900,97,39,96,45,95,71,101,40,102,56,103,91,JOHNS_STOCKS
22900,201,24,199,37,197,53,205,23,207,43,209,63,CASTLE_STOCKS
22900,136,12,134,29,132,52,142,13,144,24,146,53,CUTHS_STOCKS
23000,96,25,93,41,90,57,100,25,103,35,106,64,HATFIELD_STOCKS
23000,88,51,87,106,86,225,94,48,95,107,96,156,COLLINGWOOD_STOCKS
23000,196,50,193,110,190,193,198,46,201,98,204,154,CHADS_STOCKS
23000,97,15,96,23,95,23,101,12,102,23,103,34,JOHNS_STOCKS
23000,200,33,197,48,194,71,206,27,209,51,212,76,CASTLE_STOCKS
23000,138,13,137,21,136,34,142,12,143,21,144,38,CUTHS_STOCKS
23100,97,37,95,70,93,97,99,45,101,70,103,126,HATFIELD_STOCKS
23100,91,44,88,89,85,191,93,49,96,99,99,182,COLLINGWOOD_STOCKS
23100,197,23,195,48,193,102,199,27,201,55,203,90,CHADS_STOCKS
23100,97,36,95,48,93,46,99,36,101,35,103,46,JOHNS_STOCKS
23100,202,23,201,29,200,34,206,22,207,23,208,32,CASTLE_STOCKS
23100,138,10,137,23,136,34,142,14,143,18,144,34,CUTHS_STOCKS
23200,96,51,95,66,94,108,102,41,103,65,104,128,HATFIELD_STOCKS
23200,93,27,92,47,91,113,95,27,96,48,97,104,COLLINGWOOD_STOCKS
23200,196,10,194,18,192,36,200,10,202,20,204,30,CHADS_STOCKS
23200,99,19,98,30,97,61,101,20,102,43,103,78,JOHNS_STOCKS
23200,201,35,200,67,199,129,207,39,208,71,209,110,CASTLE_STOCKS
23200,139,35,138,52,137,116,141,30,142,52,143,125,CUTHS_STOCKS
23300,99,11,96,24,93,42,101,12,104,22,107,35,HATFIELD_STOCKS
23300,93,11,92,18,91,25,95,14,96,17,97,23,COLLINGWOOD_STOCKS
23300,197,41,196,51,195,64,201,30,202,47,203,60,CHADS_STOCKS
23300,98,23,96,44,94,46,102,29,104,35,106,65,JOHNS_STOCKS
23300,201,39,200,71,199,99,207,57,208,75,209,106,CASTLE_STOCKS
23300,138,46,136,70,134,97,142,41,144,72,146,116,CUTHS_STOCKS
23400,98,11,95,12,92,17,102,10,105,15,108,13,HATFIELD_STOCKS
23400,91,48,88,61,85,102,97,37,100,57,103,83,COLLINGWOOD_STOCKS
23400,195,25,193,37,191,48,199,29,201,37,203,45,CHADS_STOCKS
23400,100,46,98,77,96,166,102,51,104,76,106,167,JOHNS_STOCKS
23400,201,22,198,32,195,54,207,30,210,31,213,59,CASTLE_STOCKS
23400,139,47,137,56,135,93,143,43,145,50,147,82,CUTHS_STOCKS
23500,96,20,94,23,92,27,102,17,104,22,106,35,HATFIELD_STOCKS
23500,93,39,90,74,87,183,95,54,98,74,101,174,COLLINGWOOD_STOCKS
23500,194,43,193,59,192,69,198,31,199,43,200,78,CHADS_STOCKS
23500,100,25,98,30,96,67,104,23,106,30,108,65,JOHNS_STOCKS
23500,202,16,201,22,200,26,206,16,207,20,208,28,CASTLE_STOCKS
23500,139,48,136,75,133,112,145,42,148,63,151,90,CUTHS_STOCKS
23600,96,22,95,34,94,80,100,20,101,47,102,67,HATFIELD_STOCKS
23600,92,40,90,79,88,158,94,37,96,88,98,154,COLLINGWOOD_STOCKS
23600,194,18,191,38,188,68,198,20,201,39,204,68,CHADS_STOCKS
23600,100,38,98,66,96,119,104,40,106,58,108,105,JOHNS_STOCKS
23600,202,18,199,28,196,66,206,19,209,37,212,56,CASTLE_STOCKS
23600,141,16,139,26,137,35,143,16,145,27,147,40,CUTHS_STOCKS
23700,97,35,96,55,95,103,99,28,100,64,101,81,HATFIELD_STOCKS
23700,92,17,90,41,88,81,94,22,96,39,98,66,COLLINGWOOD_STOCKS
23700,193,31,190,46,187,45,195,31,198,45,201,59,CHADS_STOCKS
23700,101,22,98,32,95,53,103,22,106,34,109,50,JOHNS_STOCKS
23700,201,17,200,25,199,37,207,13,208,22,209,30,CASTLE_STOCKS
23700,141,11,138,18,135,42,143,11,146,18,149,43,CUTHS_STOCKS
23800,96,9,95,12,94,20,100,9,101,12,102,20,HATFIELD_STOCKS
23800,91,34,88,47,85,76,95,39,98,54,101,60,COLLINGWOOD_STOCKS
23800,193,39,191,57,189,97,199,48,201,68,203,70,CHADS_STOCKS
23800,98,42,96,96,94,157,102,52,104,77,106,147,JOHNS_STOCKS
23800,201,43,199,64,197,108,207,40,209,56,211,98,CASTLE_STOCKS
23800,140,29,137,29,134,33,142,23,145,28,148,34,CUTHS_STOCKS
23900,96,16,94,35,92,50,100,16,102,39,104,59,HATFIELD_STOCKS
23900,92,37,90,72,88,198,94,53,96,90,98,153,COLLINGWOOD_STOCKS
23900,194,39,193,71,192,106,200,38,201,58,202,122,CHADS_STOCKS
23900,99,47,96,70,93,139,101,48,104,71,107,95,JOHNS_STOCKS
23900,202,23,200,29,198,28,206,16,208,24,210,26,CASTLE_STOCKS
23900,140,35,137,42,134,90,142,35,145,46,148,76,CUTHS_STOCKS
24000,97,22,95,42,93,77,99,20,101,30,103,71,HATFIELD_STOCKS
24000,91,23,89,34,87,56,93,20,95,29,97,66,COLLINGWOOD_STOCKS
24000,196,17,194,22,192,41,198,20,200,27,202,40,CHADS_STOCKS
24000,100,44,99,50,98,60,102,41,103,53,104,57,JOHNS_STOCKS
24000,202,31,200,36,198,48,206,28,208,34,210,47,CASTLE_STOCKS
24000,139,28,138,37,137,53,141,25,142,41,143,60,CUTHS_STOCKS
24100,95,36,94,65,93,110,99,37,100,76,101,112,HATFIELD_STOCKS
24100,90,20,89,37,88,53,92,27,93,31,94,51,COLLINGWOOD_STOCKS
24100,193,32,191,70,189,111,199,36,201,77,203,144,CHADS_STOCKS
24100,97,18,95,35,93,70,101,17,103,34,105,61,JOHNS_STOCKS
24100,201,53,199,54,197,68,207,39,209,65,211,74,CASTLE_STOCKS
24100,139,31,137,47,135,76,143,35,145,57,147,57,CUTHS_STOCKS
24200,94,17,92,17,90,24,98,13,100,23,102,22,HATFIELD_STOCKS
24200,90,22,87,40,84,84,92,27,95,38,98,78,COLLINGWOOD_STOCKS
24200,197,32,195,44,193,111,199,33,201,65,203,95,CHADS_STOCKS
24200,98,17,95,18,92,28,100,17,103,24,106,31,JOHNS_STOCKS
24200,201,44,198,42,195,56,207,39,210,48,213,70,CASTLE_STOCKS
24200,137,36,135,64,133,108,141,30,143,62,145,150,CUTHS_STOCKS
24300,97,20,94,32,91,38,99,15,102,27,105,39,HATFIELD_STOCKS
24300,90,24,89,54,88,108,92,22,93,59,94,85,COLLINGWOOD_STOCKS
24300,197,24,195,35,193,77,199,22,201,50,203,72,CHADS_STOCKS
24300,96,38,95,61,94,170,100,40,101,62,102,135,JOHNS_STOCKS
24300,201,31,199,43,197,78,205,36,207,41,209,75,CASTLE_STOCKS
24300,137,31,135,47,133,85,143,35,145,52,147,90,CUTHS_STOCKS
24400,94,29,93,48,92,80,100,32,101,54,102,111,HATFIELD_STOCKS
24400,89,18,86,33,83,38,91,18,94,32,97,42,COLLINGWOOD_STOCKS
24400,197,53,195,88,193,120,203,44,205,70,207,141,CHADS_STOCKS
24400,97,42,96,65,95,151,101,30,102,64,103,160,JOHNS_STOCKS
24400,201,12,200,17,199,22,205,11,206,15,207,30,CASTLE_STOCKS
24400,138,28,136,35,134,43,142,21,144,44,146,55,CUTHS_STOCKS
24500,96,49,94,55,92,90,98,53,100,73,102,101,HATFIELD_STOCKS
24500,89,12,88,22,87,53,93,16,94,23,95,58,COLLINGWOOD_STOCKS
24500,197,22,195,34,193,49,201,20,203,38,205,49,CHADS_STOCKS
24500,96,46,95,60,94,112,100,51,101,67,102,104,JOHNS_STOCKS
24500,201,23,199,47,197,102,205,24,207,50,209,96,CASTLE_STOCKS
24500,138,37,136,60,134,94,140,50,142,65,144,94,CUTHS_STOCKS
24600,93,24,90,37,87,58,99,21,102,36,105,57,HATFIELD_STOCKS
24600,87,11,84,14,81,27,93,9,96,18,99,32,COLLINGWOOD_STOCKS
24600,196,25,194,60,192,83,198,25,200,44,202,79,CHADS_STOCKS
24600,98,26,97,41,96,101,100,22,101,41,102,83,JOHNS_STOCKS
24600,200,22,199,27,198,52,206,23,207,37,208,54,CASTLE_STOCKS
24600,136,29,135,31,134,47,140,28,141,35,142,48,CUTHS_STOCKS
24700,95,32,93,49,91,98,99,35,101,43,103,71,HATFIELD_STOCKS
24700,89,54,88,81,87,167,91,46,92,80,93,135,COLLINGWOOD_STOCKS
24700,196,10,193,24,190,41,198,11,201,23,204,31,CHADS_STOCKS
24700,97,38,94,102,91,163,101,52,104,91,107,200,JOHNS_STOCKS
24700,200,56,199,87,198,165,206,56,207,90,208,176,CASTLE_STOCKS
24700,138,15,135,16,132,26,140,16,143,18,146,27,CUTHS_STOCKS
24800,96,57,94,78,92,159,100,49,102,101,104,199,HATFIELD_STOCKS
24800,89,10,87,12,85,20,91,11,93,13,95,21,COLLINGWOOD_STOCKS
24800,194,9,191,12,188,20,198,10,201,12,204,19,CHADS_STOCKS
24800,94,48,93,55,92,78,100,50,101,70,102,69,JOHNS_STOCKS
24800,200,32,198,45,196,52,206,36,208,39,210,59,CASTLE_STOCKS
24800,136,35,133,59,130,98,142,38,145,66,148,108,CUTHS_STOCKS
24900,97,48,94,63,91,87,99,55,102,53,105,80,HATFIELD_STOCKS
24900,89,58,86,100,83,186,91,46,94,88,97,166,COLLINGWOOD_STOCKS
24900,194,40,192,51,190,50,200,44,202,39,204,61,CHADS_STOCKS
24900,93,13,92,23,91,44,99,11,100,17,101,46,JOHNS_STOCKS
24900,200,26,197,27,194,51,206,20,209,30,212,38,CASTLE_STOCKS
24900,137,43,134,82,131,182,141,46,144,80,147,178,CUTHS_STOCKS
25000,95,15,92,25,89,41,101,18,104,22,107,46,HATFIELD_STOCKS
25000,90,16,89,25,88,28,92,16,93,21,94,40,COLLINGWOOD_STOCKS
25000,198,39,195,90,192,183,200,49,203,75,206,146,CHADS_STOCKS
25000,96,35,94,66,92,112,100,33,102,68,104,102,JOHNS_STOCKS
25000,200,20,197,55,194,98,204,27,207,43,210,107,CASTLE_STOCKS
25000,138,11,135,10,132,13,140,8,143,14,146,16,CUTHS_STOCKS
25100,97,11,94,22,91,37,99,14,102,24,105,48,HATFIELD_STOCKS
25100,89,21,87,36,85,46,93,23,95,32,97,42,COLLINGWOOD_STOCKS
25100,197,23,195,51,193,98,199,21,201,41,203,87,CHADS_STOCKS
25100,96,39,94,71,92,130,100,32,102,56,104,108,JOHNS_STOCKS
25100,199,34,198,54,197,67,205,29,206,46,207,59,CASTLE_STOCKS
25100,138,31,137,42,136,63,142,27,143,50,144,51,CUTHS_STOCKS
25200,97,18,94,35,91,54,99,21,102,32,105,64,HATFIELD_STOCKS
25200,90,36,87,45,84,66,92,41,95,52,98,56,COLLINGWOOD_STOCKS
25200,196,26,193,28,190,46,202,24,205,27,208,36,CHADS_STOCKS
25200,95,26,93,50,91,75,101,23,103,50,105,64,JOHNS_STOCKS
25200,199,18,197,31,195,43,205,17,207,30,209,34,CASTLE_STOCKS
25200,140,29,138,52,136,110,142,32,144,60,146,95,CUTHS_STOCKS
25300,98,11,97,22,96,22,100,12,101,21,102,26,HATFIELD_STOCKS
25300,90,21,89,41,88,104,94,28,95,54,96,97,COLLINGWOOD_STOCKS
25300,196,32,194,59,192,101,200,35,202,72,204,121,CHADS_STOCKS
25300,96,51,95,64,94,63,98,48,99,47,100,62,JOHNS_STOCKS
25300,199,20,198,27,197,54,205,22,206,33,207,72,CASTLE_STOCKS
25300,138,41,136,76,134,104,142,33,144,71,146,116,CUTHS_STOCKS
25400,98,54,95,59,92,76,100,46,103,59,106,72,HATFIELD_STOCKS
25400,91,33,88,80,85,163,93,31,96,77,99,137,COLLINGWOOD_STOCKS
25400,199,11,198,20,197,29,201,10,202,17,203,40,CHADS_STOCKS
25400,96,11,94,13,92,26,100,10,102,17,104,26,JOHNS_STOCKS
25400,200,32,198,55,196,100,204,39,206,50,208,123,CASTLE_STOCKS
25400,139,12,136,22,133,28,141,12,144,25,147,33,CUTHS_STOCKS
25500,96,31,95,34,94,48,100,23,101,36,102,46,HATFIELD_STOCKS
25500,92,37,91,75,90,153,94,40,95,68,96,157,COLLINGWOOD_STOCKS
25500,201,18,199,35,197,52,203,23,205,30,207,55,CHADS_STOCKS
25500,96,18,94,34,92,74,102,19,104,38,106,71,JOHNS_STOCKS
25500,199,17,198,39,197,77,205,19,206,32,207,71,CASTLE_STOCKS
25500,138,34,135,64,132,108,142,40,145,51,148,86,CUTHS_STOCKS
25600,95,9,92,18,89,28,101,9,104,16,107,29,HATFIELD_STOCKS
25600,89,17,88,32,87,52,95,21,96,27,97,56,COLLINGWOOD_STOCKS
25600,200,35,198,34,196,40,204,28,206,35,208,57,CHADS_STOCKS
25600,96,14,93,39,90,62,102,18,105,27,108,70,JOHNS_STOCKS
25600,200,12,198,16,196,28,204,10,206,19,208,38,CASTLE_STOCKS
25600,140,50,139,59,138,81,142,48,143,67,144,86,CUTHS_STOCKS
25700,96,41,95,66,94,132,100,34,101,73,102,100,HATFIELD_STOCKS
25700,91,15,89,20,87,34,93,15,95,22,97,28,COLLINGWOOD_STOCKS
25700,199,39,197,49,195,76,205,26,207,59,209,99,CHADS_STOCKS
25700,98,19,95,41,92,77,102,20,105,38,108,58,JOHNS_STOCKS
25700,199,19,198,30,197,31,205,25,206,27,207,34,CASTLE_STOCKS
25700,138,26,136,56,134,79,144,24,146,50,148,66,CUTHS_STOCKS
25800,95,25,93,43,91,82,101,29,103,49,105,67,HATFIELD_STOCKS
25800,91,36,90,80,89,115,95,41,96,81,97,151,COLLINGWOOD_STOCKS
25800,200,31,198,73,196,98,202,34,204,50,206,103,CHADS_STOCKS
25800,99,41,98,55,97,74,101,45,102,51,103,70,JOHNS_STOCKS
25800,201,55,199,70,197,147,205,53,207,78,209,128,CASTLE_STOCKS
25800,138,40,136,58,134,80,144,49,146,55,148,88,CUTHS_STOCKS
25900,97,9,94,17,91,39,99,13,102,15,105,37,HATFIELD_STOCKS
25900,90,38,87,55,84,123,94,40,97,72,100,126,COLLINGWOOD_STOCKS
25900,201,38,200,67,199,85,203,40,204,57,205,77,CHADS_STOCKS
25900,103,18,100,31,97,62,105,23,108,31,111,63,JOHNS_STOCKS
25900,200,26,197,61,194,99,206,23,209,43,212,76,CASTLE_STOCKS
25900,140,9,139,15,138,18,144,12,145,14,146,21,CUTHS_STOCKS
26000,96,35,95,86,94,123,100,34,101,86,102,126,HATFIELD_STOCKS
26000,91,10,90,13,89,17,93,11,94,14,95,16,COLLINGWOOD_STOCKS
26000,200,27,198,39,196,48,204,25,206,38,208,37,CHADS_STOCKS
26000,101,8,98,15,95,25,103,11,106,16,109,25,JOHNS_STOCKS
26000,200,16,199,17,198,21,206,16,207,20,208,30,CASTLE_STOCKS
26000,139,15,137,14,135,21,143,16,145,20,147,16,CUTHS_STOCKS
26100,96,34,94,44,92,82,100,29,102,56,104,80,HATFIELD_STOCKS
26100,92,21,90,45,88,68,94,22,96,48,98,68,COLLINGWOOD_STOCKS
26100,203,23,201,39,199,49,205,21,207,36,209,49,CHADS_STOCKS
26100,103,36,100,67,97,110,105,38,108,72,111,104,JOHNS_STOCKS
26100,200,35,199,47,198,59,206,40,207,61,208,71,CASTLE_STOCKS
26100,139,25,138,43,137,85,143,28,144,51,145,74,CUTHS_STOCKS
26200,95,17,92,27,89,47,101,13,104,35,107,60,HATFIELD_STOCKS
26200,90,47,89,81,88,87,94,52,95,55,96,109,COLLINGWOOD_STOCKS
26200,202,23,199,47,196,84,206,19,209,42,212,65,CHADS_STOCKS
26200,103,11,102,18,101,33,105,10,106,22,107,24,JOHNS_STOCKS
26200,201,35,199,49,197,58,205,44,207,38,209,49,CASTLE_STOCKS
26200,139,15,136,15,133,18,143,14,146,18,149,18,CUTHS_STOCKS
26300,95,14,94,22,93,24,101,14,102,18,103,32,HATFIELD_STOCKS
26300,91,25,88,32,85,41,93,21,96,29,99,35,COLLINGWOOD_STOCKS
26300,204,26,202,54,200,89,208,27,210,45,212,108,CHADS_STOCKS
26300,100,13,98,16,96,20,104,11,106,13,108,18,JOHNS_STOCKS
26300,202,23,200,35,198,61,206,25,208,35,210,81,CASTLE_STOCKS
26300,139,39,137,65,135,114,141,38,143,60,145,91,CUTHS_STOCKS
26400,96,29,94,49,92,63,100,41,102,46,104,47,HATFIELD_STOCKS
26400,90,12,87,12,84,18,94,9,97,15,100,24,COLLINGWOOD_STOCKS
26400,203,31,202,37,201,49,207,29,208,41,209,51,CHADS_STOCKS
26400,100,49,99,67,98,125,102,49,103,97,104,160,JOHNS_STOCKS
26400,200,29,197,45,194,75,206,43,209,58,212,88,CASTLE_STOCKS
26400,139,26,137,33,135,61,141,25,143,34,145,48,CUTHS_STOCKS
26500,96,22,93,37,90,46,98,23,101,39,104,51,HATFIELD_STOCKS
26500,89,25,87,38,85,40,95,27,97,42,99,54,COLLINGWOOD_STOCKS
26500,207,44,206,65,205,84,209,45,210,70,211,64,CHADS_STOCKS
26500,102,30,101,51,100,53,104,30,105,48,106,71,JOHNS_STOCKS
26500,201,37,198,50,195,88,207,34,210,66,213,113,CASTLE_STOCKS
26500,138,12,136,23,134,43,144,11,146,24,148,48,CUTHS_STOCKS
26600,95,29,93,56,91,98,97,30,99,60,101,112,HATFIELD_STOCKS
26600,90,26,89,45,88,65,92,26,93,41,94,72,COLLINGWOOD_STOCKS
26600,205,56,202,72,199,128,207,45,210,89,213,179,CHADS_STOCKS
26600,103,30,100,53,97,80,105,29,108,50,111,54,JOHNS_STOCKS
26600,200,12,198,21,196,39,206,11,208,26,210,42,CASTLE_STOCKS
26600,140,11,138,18,136,22,142,10,144,15,146,19,CUTHS_STOCKS
26700,95,36,94,69,93,108,97,41,98,67,99,85,HATFIELD_STOCKS
26700,89,32,88,59,87,102,95,36,96,55,97,102,COLLINGWOOD_STOCKS
26700,203,33,200,49,197,59,207,31,210,49,213,75,CHADS_STOCKS
26700,100,18,99,22,98,24,104,14,105,24,106,27,JOHNS_STOCKS
26700,201,29,199,38,197,48,205,32,207,49,209,49,CASTLE_STOCKS
26700,140,39,138,60,136,96,144,36,146,65,148,79,CUTHS_STOCKS
26800,95,36,92,73,89,130,99,46,102,84,105,118,HATFIELD_STOCKS
26800,90,40,89,43,88,78,94,33,95,59,96,85,COLLINGWOOD_STOCKS
26800,203,51,202,86,201,160,207,43,208,73,209,131,CHADS_STOCKS
26800,102,35,101,54,100,135,104,37,105,58,106,123,JOHNS_STOCKS
26800,200,21,197,32,194,37,204,16,207,23,210,35,CASTLE_STOCKS
26800,141,44,139,84,137,172,143,47,145,103,147,159,CUTHS_STOCKS
26900,96,25,93,36,90,68,98,21,101,42,104,68,HATFIELD_STOCKS
26900,91,36,88,52,85,60,93,37,96,53,99,75,COLLINGWOOD_STOCKS
26900,201,41,199,53,197,102,207,40,209,61,211,93,CHADS_STOCKS
26900,101,21,98,39,95,89,105,20,108,46,111,94,JOHNS_STOCKS
26900,200,29,197,44,194,79,204,27,207,45,210,70,CASTLE_STOCKS
26900,138,13,135,21,132,37,144,13,147,18,150,35,CUTHS_STOCKS
27000,94,50,92,69,90,84,100,35,102,61,104,82,HATFIELD_STOCKS
27000,90,35,87,86,84,139,94,42,97,78,100,152,COLLINGWOOD_STOCKS
27000,201,37,199,50,197,93,205,27,207,48,209,87,CHADS_STOCKS
27000,101,35,98,47,95,73,105,34,108,55,111,82,JOHNS_STOCKS
27000,201,18,200,42,199,81,205,18,206,46,207,65,CASTLE_STOCKS
27000,141,30,138,37,135,61,143,26,146,32,149,71,CUTHS_STOCKS
27100,97,20,94,35,91,82,99,20,102,28,105,64,HATFIELD_STOCKS
27100,90,18,88,30,86,47,96,22,98,28,100,48,COLLINGWOOD_STOCKS
27100,201,22,198,52,195,123,203,28,206,50,209,89,CHADS_STOCKS
27100,102,34,101,63,100,62,104,33,105,56,106,84,JOHNS_STOCKS
27100,200,41,197,60,194,74,204,46,207,55,210,71,CASTLE_STOCKS
27100,137,16,135,40,133,57,143,24,145,33,147,62,CUTHS_STOCKS
27200,96,30,93,30,90,39,100,33,103,28,106,43,HATFIELD_STOCKS
27200,92,20,91,26,90,31,98,18,99,24,100,31,COLLINGWOOD_STOCKS
27200,199,11,198,22,197,27,205,12,206,16,207,28,CHADS_STOCKS
27200,100,26,97,50,94,80,104,26,107,56,110,96,JOHNS_STOCKS
27200,199,14,198,18,197,38,205,16,206,22,207,39,CASTLE_STOCKS
27200,140,54,139,63,138,105,142,44,143,87,144,113,CUTHS_STOCKS
27300,95,23,94,29,93,49,101,26,102,37,103,49,HATFIELD_STOCKS
27300,93,14,90,34,87,52,97,13,100,27,103,49,COLLINGWOOD_STOCKS
27300,198,26,197,40,196,54,202,24,203,37,204,64,CHADS_STOCKS
27300,100,35,97,66,94,81,102,36,105,51,108,100,JOHNS_STOCKS
27300,201,14,198,35,195,55,205,18,208,29,211,53,CASTLE_STOCKS
27300,138,40,135,60,132,88,142,47,145,78,148,76,CUTHS_STOCKS
27400,97,40,96,58,95,117,99,34,100,78,101,133,HATFIELD_STOCKS
27400,93,36,90,50,87,92,97,42,100,49,103,70,COLLINGWOOD_STOCKS
27400,197,36,195,87,193,121,201,46,203,89,205,133,CHADS_STOCKS
27400,99,32,98,36,97,50,103,34,104,37,105,43,JOHNS_STOCKS
27400,200,16,199,35,198,71,206,18,207,31,208,54,CASTLE_STOCKS
27400,138,36,135,64,132,140,142,34,145,78,148,117,CUTHS_STOCKS
27500,96,46,95,60,94,103,98,44,99,65,100,75,HATFIELD_STOCKS
27500,92,37,91,34,90,61,96,26,97,48,98,48,COLLINGWOOD_STOCKS
27500,197,56,194,103,191,180,201,52,204,78,207,142,CHADS_STOCKS
27500,100,38,99,80,98,159,104,47,105,82,106,176,JOHNS_STOCKS
27500,201,54,200,94,199,146,205,44,206,78,207,176,CASTLE_STOCKS
27500,138,53,137,97,136,156,142,56,143,94,144,184,CUTHS_STOCKS
27600,95,38,94,89,93,141,99,42,100,77,101,182,HATFIELD_STOCKS
27600,92,28,91,44,90,66,94,29,95,41,96,61,COLLINGWOOD_STOCKS
27600,196,9,193,16,190,32,200,10,203,16,206,36,CHADS_STOCKS
